=LDR  03956cas a2200937 a 4500
=001  012993680
=003  Uk
=005  20221231210013.0
=006  m\\\\\\\\d\|\\\\\\
=007  cr||||||||||||
=008  040916d200u200uenksr\p\s\\\\\0\\\a0eng\\
=FMT  \\$a  SE
=015  \\$aGBA575161$2bnb
=022  \\$a1747-3225$y1352-7924$202
=040  \\$aUk$beng$cUk
=042  \\$aukblsr$aissnuk
=082  04$a338.4766570941$222
=130  0\$aUK gas report (Online)
=222  \0$aUK gas report$b(Online)
=245  10$aUK gas report$h[electronic resource].
=246  13$aPlatts UK gas report
=260  \\$aLondon :$bPlatts.
=310  \\$aTwice monthly
=336  \\$atext$2rdacontent
=337  \\$acomputer$2rdamedia
=338  \\$aonline resource$2rdacarrier
=538  \\$aMode of access: email in PDF format; also issued online.
=500  \\$aTitle from title page.
=500  \\$aBegan in 2004?
=500  \\$aDescription based on: Issue 264 (26 July 2004)
=540  \\$aCurrent Copyright Fee: GBP25.00$c0$5Uk
=650  \0$aGas industry$zGreat Britain$vPeriodicals.
=650  \0$aMarket surveys$zGreat Britain$vPeriodicals.
=710  2\$aPlatts (Firm)
=780  00$tUK gas report$x1352-7924
=856  0\$umailto: info@platts.com$zTo subscribe
=856  41$uhttp://www.platts.com/Natural%20Gas/Newsletters%20&%20Reports/UK%20Gas%20Report/
=CAT  \\$a10902$b40$c20040916$lBLL01$h1414
=CAT  \\$c20050930$lBLL01$h2257
=CAT  \\$c20050930$lBLL01$h0013
=CAT  \\$a3072$b40$c20051021$lBLL01$h1626
=CAT  \\$a7792$b40$c20091208$lBLL01$h1555
=CAT  \\$aBATCH-UPD$b40$c20101201$lBLL01$h1249
=CAT  \\$aIPL-CLA$c20101231$lBLL01$h1513
=CAT  \\$aWR11_203$c20111204$lBLL01$h1508
=CAT  \\$aIPL-CLA$c20111230$lBLL01$h2019
=CAT  \\$aBATCH-CLA$b00$c20121109$lBLL01$h1730
=CAT  \\$aBATCH-CLA$c20131220$lBLL01$h2029
=CAT  \\$aIPL-CLA$c20131231$lBLL01$h2341
=CAT  \\$aWR14_140$c20140905$lBLL01$h1806
=CAT  \\$aBATCH-CLA$b00$c20161222$lBLL01$h1803
=CAT  \\$aIPL-CLA$c20161230$lBLL01$h2129
=CAT  \\$a11313$b40$c20170112$lBLL01$h1046
=CAT  \\$aW1711-1225$c20171203$lBLL01$h1020
=CAT  \\$aBATCH-CLA$b00$c20171222$lBLL01$h2124
=CAT  \\$aIPL-CLA$c20171231$lBLL01$h1635
=CAT  \\$aBATCH-CLA$b00$c20191219$lBLL01$h1731
=CAT  \\$aIPL-CLA$c20191231$lBLL01$h1929
=CAT  \\$aR2001-1524$c20200127$lBLL01$h2006
=CAT  \\$aBATCH-CLA$b00$c20201204$lBLL01$h1532
=CAT  \\$aIPL-CLA$c20201231$lBLL01$h2154
=CAT  \\$aBATCH-CLA$b00$c20221221$lBLL01$h1840
=CAT  \\$aIPL-CLA$c20221231$lBLL01$h2100
=CFI  0\$aCurrent Copyright Fee: GBP25.00$c0$e01-jan-2023$fGBP25.00$g0$hA$5Uk
=CFI  2\$aPrevious Copyright Fee: GBP22.50$c0$e01-jan-2021$fGBP22.50$g0$hA$5Uk
=FIN  \\$aY$d20051021
=LKR  \\$aPAR$b008418059$lBLL01$r78000$mUK gas report (Online)$nUK gas report
=LKR  \\$aPAR$b008418059$lBLL01$r776$mUK gas report (Online)$nUK gas report
=STA  \\$aSUPPRESSED$bunable to determine reason for suppression
=TCO  \\$aCLA$bCLA$c008
=ACF  \\$aPrevious Copyright Fee: GBP7.50$c0$e01-oct-2005$fGBP7.50$g0$hC$5Uk
=ACF  \\$aPrevious Copyright Fee: GBP7.50$c0$e01-jul-2005$fGBP7.50$g0$hC$5Uk
=ACF  \\$aPrevious Copyright Fee: GBP7.50$c0$e01-apr-2005$fGBP7.50$g0$hC$5Uk
=ACF  \\$aPrevious Copyright Fee: GBP7.50$c0$e01-jan-2005$fGBP7.50$g0$hC$5Uk
=ACF  \\$aPrevious copyright fee: GBP10.50$c0$e01-jan-2011$fGBP10.50$g0$hA$5Uk
=ACF  \\$aPrevious copyright fee: GBP12.00$c0$e01-jan-2012$fGBP12.00$g0$hA$5Uk
=ACF  \\$aPrevious Copyright Fee: GBP12.30$c0$e01-jan-2014$fGBP12.30$g0$hA$5Uk
=ACF  \\$aPrevious Copyright Fee: GBP15.00$c0$e01-jan-2017$fGBP15.00$g0$hA$5Uk
=ACF  \\$aPrevious Copyright Fee: GBP17.50$c0$e01-jan-2018$fGBP17.50$g0$hA$5Uk
=ACF  \\$aPrevious Copyright Fee: GBP20.00$c0$e01-jan-2020$fGBP20.00$g0$hA$5Uk
=LAS  \\$aIPL-CLA$b00$c20221231$lBLL01$h2100

