=LDR  01186 as a22003857a 4500
=001  013096386
=003  Uk
=005  20171213164005.0
=006  m\\\\\\\\d\|\\\\\\
=007  cr||||||||||||
=008  050128d2003200uenkwr\p\o\\\\\0\\\a0eng\\
=FMT  \\$a  SE
=022  0\$a1746-4609$202
=040  \\$aUk$beng$cUk$dUk
=042  \\$aissnuk
=222  \0$aMetal premium
=245  00$aMetal premium.
=260  \\$aChiselhampton :$bCommodity Pub.
=310  \\$aWeekly
=336  \\$atext$2rdacontent
=337  \\$acomputer$2rdamedia
=338  \\$aonline resource$2rdacarrier
=856  0\$umailto:jmc@commoditypublishing.com
=856  4\$uhttp://www.metalpremium.com$zTo subscribe
=CAT  \\$a8870$b40$c20050128$lBLL01$h1437
=CAT  \\$a11249$b40$c20051102$lBLL01$h1124
=CAT  \\$a8201$b40$c20120709$lBLL01$h1142
=CAT  \\$aBATCH-UPD$b40$c20121031$lBLL01$h1323
=CAT  \\$aW1711-1225$c20171203$lBLL01$h1021
=CAT  \\$a11313$b40$c20171212$lBLL01$h1525
=CAT  \\$a10973$b40$c20171213$lBLL01$h1640
=FIN  \\$aY$d20050128
=STA  \\$aSUPPRESSED$bunable to determine reason for suppression
=TCO  \\$aCLA$bCLA$c008
=LAS  \\$a10973$b40$c20171213$lBLL01$h1640

