=LDR  01622aas a2200457 a 4500
=001  013212678
=003  Uk
=005  20080709160751.0
=006  m\\\\\\\\d\|\\\\\\
=007  cr||||||||||||
=008  050602d20052007enker\p\s\\\\\0\\\a0eng\\
=FMT  \\$a  SE
=022  0\$a1747-7867$y1478-7059$202
=040  \\$aUk$beng$cUk
=042  \\$aissnuk$aukblsr
=082  04$a338.476888095$222
=222  \0$aChina pack news
=245  00$aChina pack news$h[electronic resource].
=260  \\$aLeatherhead :$bPira International,$c2005-2007.
=310  \\$aFortnightly
=336  \\$atext$2rdacontent
=337  \\$acomputer$2rdamedia
=338  \\$aonline resource$2rdacarrier
=362  0\$aVol. 1, issue 1 (29 June 2005)-v. 2, issue 20 (13 June 2007).
=538  \\$aMode of access: World Wide Web.
=538  \\$aSystem requirements: Adobe Acrobat Reader.
=580  \\$aFrom 13 June 2007 "Incorporating China paper news".
=500  \\$aTitle from PDF caption (publisher's Web site, viewed on 9 July 2008).
=650  \0$aPackaging$zChina$vPeriodicals.
=710  2\$aPira International.
=785  00$tChina pack print & paper news.
=856  4\$uhttp://www.piranet.com/$zLogin and password required for access
=856  00$umailto:publications@pira.co.uk
=CAT  \\$a9570$b40$c20050602$lBLL01$h1746
=CAT  \\$a6537$b40$c20051121$lBLL01$h0959
=CAT  \\$a3072$b40$c20080709$lBLL01$h1607
=CAT  \\$aW1711-1225$c20171203$lBLL01$h1021
=FIN  \\$aY$d20051121
=STA  \\$aSUPPRESSED$bunable to determine reason for suppression
=TCO  \\$aCLA$bCLA$c008
=LAS  \\$aW1711-1225$b00$c20171203$lBLL01$h1021

