=LDR  01611 am a2200457 a 4500
=001  013243585
=003  Uk
=005  20051031112727.0
=006  m\\\\|\\\d\|\\\\\\
=007  cr||||||||||||
=008  050701s2005\\\\enk||||\s||||\00|\0\eng\\
=FMT  \\$a  BK
=015  \\$aGBA557837$2bnb
=040  \\$aUk$beng$cUk
=042  \\$aukblsr
=082  04$a233.5$222
=100  1\$aIsrael, Martin.
=245  10$aGod's work of art$h[electronic resource] /$cMartin Israel and Neil Broadbent.
=260  \\$aIlkeston :$bSozein Trust,$c2005.
=336  \\$atext$2rdacontent
=337  \\$acomputer$2rdamedia
=338  \\$aonline resource$2rdacarrier
=538  \\$aSystem requirements: IBM compatible PC; MS Word.
=500  \\$aTitle from Word document title page (as viewd on 7 July, 2005)
=516  \\$aMS Word format.
=650  \0$aMan (Christian theology)
=650  \0$aPhilosophical anthropology.
=650  \0$aChurch and the world.
=650  \0$aPhilosophical theology.
=700  1\$aBroadbent, Neil.
=856  40$uhttp://homepage.ntlworld.com/terrychell/God's%20Work%20of%20Art.doc
=856  40$uhttp://www.sozein.org$zTo view book or download as Word document
=CAT  \\$a10902$b40$c20050701$lBLL01$h1136
=CAT  \\$a8141$b40$c20050707$lBLL01$h1201
=CAT  \\$a11249$b40$c20051031$lBLL01$h1127
=CAT  \\$aBATCH-UPD$b40$c20121031$lBLL01$h1323
=CAT  \\$aBATCH-UPD$b40$c20150509$lBLL01$h1534
=CAT  \\$aW1711-1225$c20171203$lBLL01$h1022
=FIN  \\$aY$d20050707
=STA  \\$aSUPPRESSED$bunable to determine reason for suppression
=LAS  \\$aW1711-1225$b00$c20171203$lBLL01$h1022

