=LDR  02117 am a2200517 a 4500
=001  013266589
=003  Uk
=005  20050929123747.0
=006  m\\\\|\\\d\|\\\\\\
=007  cr||||||||||||
=008  050804s2005\\\\enk||||\s||||o00|\0\eng\\
=FMT  \\$a  BK
=015  \\$aGBA583129$2bnb
=020  \\$a1846360021 :$cNo price
=040  \\$aUk$beng$cUk
=042  \\$aukblsr
=082  04$a615.14021$222
=245  00$aPrescriptions dispensed in the community$h[electronic resource] :$bstatistics for 1994 to 2004: England.
=260  \\$a[Leeds] :$bHealth and Social Care Information Centre,$c2005.
=336  \\$atext$2rdacontent
=337  \\$acomputer$2rdamedia
=338  \\$aonline resource$2rdacarrier
=490  1\$aBulletin ;$v2005/02/HSCIC
=538  \\$aMode of access: World Wide Web.
=538  \\$aSystem requirements: Adobe Acrobat Reader, Microsoft Excel.
=500  \\$aTitle from p.1 of PDF file (as viewed on 29 Sept., 2005)
=516  \\$aIn PDF and Microsoft Excel formats.
=500  \\$aData tables also provided as Excel attachment.
=650  \0$aMedicine$vFormulae, receipts, prescriptions$vStatistics.
=650  \0$aDrugs$xPrescribing$zEngland$vStatistics.
=650  \0$aDrugs$xPrescribing$xEconomic aspects$zEngland$vStatistics.
=710  2\$aHealth and Social Care Information Centre (Great Britain)
=710  2\$aUK Statistics Authority.
=830  \0$aBulletin (Health and Social Care Information Centre (Great Britain)) ;$v2005/02/HSCIC.
=856  40$uhttp://www.dh.gov.uk/assetRoot/04/11/58/87/04115887.pdf
=856  40$uhttp://www.dh.gov.uk/assetRoot/04/11/58/88/04115888.xls$zData tales
=CAT  \\$a10902$b40$c20050804$lBLL01$h1110
=CAT  \\$a10902$b40$c20050804$lBLL01$h1111
=CAT  \\$a10902$b40$c20050804$lBLL01$h1112
=CAT  \\$a8141$b40$c20050929$lBLL01$h1237
=CAT  \\$a5194$b40$c20161013$lBLL01$h1133
=CAT  \\$aBATCH-UPD$b40$c20161013$lBLL01$h1134
=CAT  \\$aW1711-1225$c20171203$lBLL01$h1022
=FIN  \\$aY$d20050929
=STA  \\$aSUPPRESSED$bunable to determine reason for suppression
=LAS  \\$aW1711-1225$b00$c20171203$lBLL01$h1022

