=LDR  02322 am a2200589 a 4500
=001  010269434
=003  Uk
=005  20050405081433.0
=006  m\\\\|\\\d\|\\\\\\
=007  cr|bn\|||a||||
=008  040423s2000\\\\enk|||||s||||o00||0\eng\\
=FMT  \\$a  BK
=015  \\$aGBA527812$2bnb
=020  \\$cNo price
=040  \\$aUk$beng$cUk
=042  \\$aukblsr
=082  04$a389.60941$222
=100  1\$aSwann, G. M. P.
=245  14$aThe economics of standardisation$h[electronic resource] :$bfinal report for Standards and Technical Regulations Directorate Department of Trade and Industry /$cG.M. Peter Swann.
=260  \\$a[London :$bDTI],$c2000.
=336  \\$atext$2rdacontent
=337  \\$acomputer$2rdamedia
=338  \\$aonline resource$2rdacarrier
=538  \\$aMode of access: World Wide Web.
=538  \\$aSystem requirements: IBM compatible PC; Windows; Adobe Acrobat Reader.
=500  \\$aTitle from PDF title page.
=516  \\$aPDF format.
=500  \\$a[Publisher's no.: URN 00/1694; URN 00/1697 (for references)]
=500  \\$aAlso issued in German and French language versions.
=650  \0$aStandardization$xEconomic aspects$zGreat Britain.
=650  \0$aStandardization$xGovernment policy$zGreat Britain.
=710  1\$aGreat Britain.$bDepartment of Trade and Industry.
=710  2\$aManchester Business School.
=856  40$uhttp://www.dti.gov.uk/strd/economic%20benefits%20of%20standardisation%20-%20EN.pdf
=856  42$uhttp://www.dti.gov.uk/strd/references.pdf?pubpdfdload=00%2F1697$zBibliographical references to full report
=957  \\$r29/3/04
=985  \\$aRecord amended for WR# 13/070
=AQN  \\$aVOLUNTARY DEPOSIT
=CAT  \\$aCONV$b00$c20040425$lBLL90$h0918
=CAT  \\$aCONV$b00$c20040502$lBLL01$h1353
=CAT  \\$a8141$b40$c20050404$lBLL01$h1514
=CAT  \\$a8141$b40$c20050404$lBLL01$h1543
=CAT  \\$a8141$b40$c20050405$lBLL01$h0814
=CAT  \\$aBATCH-UPD$b40$c20060917$lBLL01$h1900
=CAT  \\$aBATCH$b00$c20091210$lBLL01$h0103
=CAT  \\$aWR13_070$b00$c20130504$lBLL01$h0209
=CAT  \\$aW1711-1225$c20171203$lBLL01$h1019
=FIN  \\$aY$d20050404
=LDO  \\$aLDO$bebk
=SRC  \\$aLDS01$bbiblm.200404.2.aa
=STA  \\$aSUPPRESSED$bunable to determine reason for suppression
=LAS  \\$aW1711-1225$b00$c20171203$lBLL01$h1019

