=LDR  01660 am a2200493 a 4500
=001  010270543
=003  Uk
=005  20050405104447.0
=006  m\\\\|\\\d\|\\\\\\
=007  cr|cn\|||a||||
=008  040423s2003\\\\enk|||||s||||\00||f\eng\\
=FMT  \\$a  BK
=015  \\$aGBA527901$2bnb
=020  \\$a0954701607 :$cNo price
=020  \\$a0595769888 (cased) :$cNo price
=020  \\$a0595316034 (pbk.) :$cNo price
=040  \\$aUk$beng$cUk
=042  \\$aukblsr
=082  04$a823.92$222
=100  1\$aColverson, Chris,$d1948-
=245  10$aPrince of peace$h[electronic resource] /$cby Chris Colverson.
=260  \\$a[Great Britain] :$bBrianco Books,$c2003.
=336  \\$atext$2rdacontent
=337  \\$acomputer$2rdamedia
=338  \\$aonline resource$2rdacarrier
=538  \\$aMode of access: World Wide Web.
=538  \\$aSystem requirements: IBM compatible PC; Windows; Adobe Acrobat Reader.
=500  \\$aTitle from PDF title page.
=516  \\$aPDF format.
=530  \\$aAlso issued in print format.
=856  40$uhttp://www.princeofpeace.co.uk/PrinceofPeaceFree.pdf
=856  40$uhttp://www.briancobooks.com$zPublisher's home page
=957  \\$r29/3/04
=AQN  \\$aVOLUNTARY DEPOSIT
=CAT  \\$aCONV$b00$c20040425$lBLL90$h0918
=CAT  \\$aCONV$b00$c20040502$lBLL01$h1353
=CAT  \\$a8141$b40$c20050405$lBLL01$h1044
=CAT  \\$aBATCH$b00$c20091210$lBLL01$h0104
=CAT  \\$aW1711-1225$c20171203$lBLL01$h1019
=FIN  \\$aY$d20050405
=LDO  \\$aLDO$bebk
=SRC  \\$aLDS01$bbiblm.200404.2.aa
=STA  \\$aSUPPRESSED$bunable to determine reason for suppression
=LAS  \\$aW1711-1225$b00$c20171203$lBLL01$h1019

