=LDR  02289 as a2200625 a 4500
=001  007205363
=003  Uk
=005  20120627111524.0
=007  cr||||||||||||
=008  040119d2002200ustkmr\p\o\\\\\0\\\a0eng\\
=FMT  \\$a  SE
=015  \\$aGBA360345$2bnb
=019  y\$abA360345
=019  9\$abA360345
=039  0\$a2777
=040  \\$aUk$cUk$dUk
=082  04$a332.109411$221
=130  0\$aSFE recap (Online)
=245  10$aSFE recap$h[electronic resource].
=246  3\$aScottish Financial Enterprise recap
=260  \\$aEdinburgh (91 George St., Edinburgh, EH2 3ES) :$bScottish Financial Enterprise,$c2002-
=310  \\$aMonthly
=336  \\$atext$2rdacontent
=337  \\$acomputer$2rdamedia
=338  \\$aonline resource$2rdacarrier
=362  0\$aFeb. 2002-
=500  \\$aTitle from caption.
=530  \\$aAlso available in print format up to Jan. 2002. Archive of issues available on World Wide Web.
=538  \\$aSystem requirements: IBM compatible PC; Microsoft Word.
=538  \\$aMode of access: email and World Wide Web in Microsoft Word format.
=580  \\$aContinues print newsletter of same title.
=650  \0$aFinance$zScotland$vPeriodicals.
=650  \0$aFinancial institutions$zScotland$vPeriodicals.
=650  \0$aFinancial services industry$zScotland$vPeriodicals.
=710  2\$aScottish Financial Enterprise.
=856  40$uhttp://www.financescotland.com/index.taf?_P=PUB10835
=856  40$uhttp://www.financescotland.com/index.taf?_P=REG&_view=signup$zTo register
=985  \\$aRecord merged by DQ team
=A02  \\$a3003531$z0
=CAT  \\$aCONV$b00$c20040425$lBLL90$h0713
=CAT  \\$aCONV$b00$c20040502$lBLL01$h1212
=CAT  \\$a11249$b40$c20050407$lBLL01$h1602
=CAT  \\$aBATCH$b00$c20091207$lBLL01$h0420
=CAT  \\$aBATCH$b00$c20091214$lBLL01$h0226
=CAT  \\$aBATCH$b00$c20091216$lBLL01$h0045
=CAT  \\$a8201$b40$c20120627$lBLL01$h1115
=CAT  \\$aWR14_140$c20140905$lBLL01$h1714
=CAT  \\$aW1711-1225$c20171203$lBLL01$h1018
=FIN  \\$aY
=LEO  \\$aMP5.0000024665
=SRC  \\$aDSS04$bbibld.200404.2.aa
=SRC  \\$aBNB03$bbibmp5.200404.2.aa
=STA  \\$aSUPPRESSED$bunable to determine reason for suppression
=TCO  \\$aZZZ$c008
=LAS  \\$aW1711-1225$b00$c20171203$lBLL01$h1018

