=LDR  01876 as a2200553 a 4500
=001  007881094
=003  Uk
=005  20120704114737.0
=007  cr||||||||||||
=008  040109c19999999enkuu\p\o\\\\\0\\\a0eng\\
=FMT  \\$a  SE
=015  \\$aGBA369942$2bnb
=019  y\$abA369942
=019  9\$abA369942
=039  0\$a2775
=040  \\$aUk$cUk$dUk
=082  04$a618.2$222
=245  00$aMidwifery today e-news$h[electronic resource].
=260  \\$aEugene, Or. ;$a[Great Britain] :$bMidwifery Today, Inc.
=336  \\$atext$2rdacontent
=337  \\$acomputer$2rdamedia
=338  \\$aonline resource$2rdacarrier
=500  \\$aTitle from caption.
=500  \\$aDescription based on: Vol.3, issue 48 (Nov. 2001)
=530  \\$aArchive of issues also available via World Wide Web.
=538  \\$aMode of access: email in HTML or ASCII format.
=650  \0$aMidwifery$vPeriodicals.
=710  2\$aMidwifery Today, Inc.
=856  40$uhttp://www.midwiferytoday.com/enews/subscribe.asp
=856  40$uhttp://www.midwiferytoday.com/enews/index.asp$zArchive of issues
=985  \\$aOut of scope
=985  \\$aRecord merged by DQ team
=A02  \\$a1112594$z112594
=CAT  \\$aCONV$b00$c20040425$lBLL90$h0713
=CAT  \\$aCONV$b00$c20040502$lBLL01$h1234
=CAT  \\$a11249$b40$c20050407$lBLL01$h1410
=CAT  \\$aBATCH$b00$c20091208$lBLL01$h0310
=CAT  \\$aBATCH$b00$c20091214$lBLL01$h0316
=CAT  \\$aBATCH$b00$c20091216$lBLL01$h0056
=CAT  \\$a8201$b40$c20120704$lBLL01$h1147
=CAT  \\$aWR14_140$c20140905$lBLL01$h1723
=CAT  \\$aW1711-1225$c20171203$lBLL01$h1018
=FIN  \\$aY
=LEO  \\$aMP5.0000026086
=SRC  \\$aDSS04$bbibld.200404.2.aa
=SRC  \\$aBNB03$bbibmp5.200404.2.aa
=STA  \\$aSUPPRESSED$bunable to determine reason for suppression
=TCO  \\$aZZZ$c008
=LAS  \\$aW1711-1225$b00$c20171203$lBLL01$h1018

