=LDR  02269 as a2200613 a 4500
=001  007897328
=003  Uk
=005  20111019093626.0
=007  cr||||||||||||
=008  031212c20029999enkwr\p\s\\\\\0\\\a0eng\\
=FMT  \\$a  SE
=015  \\$aGBA360444$2bnb
=019  y\$abA360444
=019  9\$abA360444
=039  0\$a2772
=040  \\$aUk$cUk$dUk
=082  04$a158.105$221
=245  00$aSelf improvement and personal growth weekly newsletter$h[electronic resource].
=246  13$aSelf improvement and personal growth newsletter
=246  13$aSelf improvement newsletter
=260  \\$a[Marlboro, N.J. ;$aGreat Britain] :$bSelf Improvement Online,$c2002-
=336  \\$atext$2rdacontent
=337  \\$acomputer$2rdamedia
=338  \\$aonline resource$2rdacarrier
=362  0\$aIssue 180 (Feb.25-28 2002)-
=500  \\$aTitle from title display.
=516  \\$aIn ASCII format
=530  \\$aArchive of issues available via World Wide Web in HTML format.
=538  \\$aMode of access: via email.
=650  \0$aSuccess$vPeriodicals.
=650  \0$aSelf-help techniques$vPeriodicals.
=780  00$tSelf improvement weekly newsletter
=856  40$uhttp://www.selfgrowth.com/backissue-selfimprovement.html
=856  40$uhttp://www.selfimprovementnewsletters.com$zTo subscribe
=985  \\$aAmerican publication, No longer supplied to BL.
=985  \\$aRecord merged by DQ team
=A02  \\$a1114453$z114453
=CAT  \\$aCONV$b00$c20040425$lBLL90$h0713
=CAT  \\$aCONV$b00$c20040502$lBLL01$h1234
=CAT  \\$a11249$b40$c20050408$lBLL01$h1154
=CAT  \\$aBATCH$b00$c20091208$lBLL01$h0315
=CAT  \\$aBATCH$b00$c20091214$lBLL01$h0320
=CAT  \\$aBATCH$b00$c20091216$lBLL01$h0101
=CAT  \\$a8201$b40$c20111019$lBLL01$h0936
=CAT  \\$aWR14_140$c20140905$lBLL01$h1725
=CAT  \\$aW1711-1225$c20171203$lBLL01$h1018
=FIN  \\$aY
=LEO  \\$aMP5.0000024692
=LKR  \\$aPAR$b007207922$lBLL01$nSelf improvement weekly newsletter$r78000$mSelf improvement and personal growth weekly newsletter
=SRC  \\$aDSS04$bbibld.200404.2.aa
=SRC  \\$aBNB03$bbibmp5.200404.2.aa
=STA  \\$aSUPPRESSED$bunable to determine reason for suppression
=TCO  \\$aZZZ$c008
=LAS  \\$aW1711-1225$b00$c20171203$lBLL01$h1018

