=LDR  02029 as a22005533  4500
=001  007897663
=003  Uk
=005  20101021124756.0
=006  m\\\\\\\\d\|\\\\\\
=007  cr||||||||||||
=008  040417c20029999enkux\p\s\\\\\0\\\\0eng\\
=FMT  \\$a  SE
=040  \\$aUk$beng$cUk
=042  \\$aukblsr
=082  04$a333.7915$222
=245  00$aOPEN energy technology bulletin$h[electronic resource].
=260  \\$aParis ;$a[Great Britain] :$bInternational Energy Agency,$c2002-
=310  \\$aIrregular
=336  \\$atext$2rdacontent
=337  \\$acomputer$2rdamedia
=338  \\$aonline resource$2rdacarrier
=362  1\$aIssue 1 (28 Mar. 2002)-
=538  \\$aMode of access: World Wide Web and email.
=538  \\$aSystem requirements: Adobe Acrobat Reader.
=516  \\$aIn PDF and HTML formats.
=500  \\$aTitle from HTML header (IEA Web site, viewed Oct. 20, 2010).
=500  \\$aLatest issued consulted: issue 71 (5 Oct. 2010).
=650  \0$aEnergy development$vPeriodicals.
=650  \0$aTechnology$vPeriodicals.
=650  \0$aPower resources$vPeriodicals.
=710  2\$aInternational Energy Agency.$bCommittee on Energy Research and Technology.
=856  4\$uhttp://www.iea.org/impagr/cip/archived_bulletins/index.htm
=856  40$uhttp://mailing.iea.org$zto subscribe
=A02  \\$a3011920$z0
=CAT  \\$aCONV$b00$c20040425$lBLL90$h0713
=CAT  \\$aCONV$b00$c20040502$lBLL01$h1234
=CAT  \\$a11249$b40$c20050408$lBLL01$h1144
=CAT  \\$aBATCH$b00$c20091208$lBLL01$h0315
=CAT  \\$aBATCH$b00$c20091214$lBLL01$h0321
=CAT  \\$aBATCH$b00$c20091216$lBLL01$h0101
=CAT  \\$a7332$b40$c20101020$lBLL01$h1415
=CAT  \\$a7332$b40$c20101021$lBLL01$h1247
=CAT  \\$aW1711-1225$c20171203$lBLL01$h1018
=FIN  \\$aY
=LET  \0$aOPEN energy technology bulletin (Electronic)
=SRC  \\$aDSS04$bbibld.200404.2.aa
=STA  \\$aSUPPRESSED$bunable to determine reason for suppression
=TCO  \\$aCLA$bCLA$c008
=LAS  \\$aW1711-1225$b00$c20171203$lBLL01$h1018

