=LDR  01999 as a22005893  4500
=001  007898854
=003  Uk
=005  20120613114823.0
=007  cr||||||||||||
=008  040108u199uuuuuenkmr\p\o\\\\\0\\\a0eng\\
=FMT  \\$a  SE
=015  \\$aGBA370420$2bnb
=019  y\$abA370420
=019  9\$abA370420
=039  0\$a2775
=040  \\$aUk$cUk$dUk
=082  04$a658.872$221
=245  00$aMarketposition monthly$h[electronic resource].
=246  3\$aMarket position monthly
=260  \\$a[Orlando, Fla. ;$aGreat Britain] :$bFirstPlace Software, Inc.
=336  \\$atext$2rdacontent
=337  \\$acomputer$2rdamedia
=338  \\$aonline resource$2rdacarrier
=500  \\$aTitle from caption.
=500  \\$aDescription based on: Feb. 2002 issue.
=516  \\$aIn ASCII and HTML formats
=530  \\$aArchive of issues available via World Wide Web.
=538  \\$aMode of access: email.
=650  \0$aInternet marketing$vPeriodicals.
=650  \0$aSearch engines$vPeriodicals.
=650  \0$aWeb sites$xRegistration with search engines$vPeriodicals.
=710  2\$aFirstPlace Software.
=856  40$uhttp://www.marketposition.com$zTo subscribe
=856  40$uhttp://www.marketposition.com/newsletters.htm
=985  \\$aRecord merged by DQ team
=A02  \\$a1114701$z114701
=CAT  \\$aCONV$b00$c20040425$lBLL90$h0713
=CAT  \\$aCONV$b00$c20040502$lBLL01$h1234
=CAT  \\$a11249$b40$c20050408$lBLL01$h1137
=CAT  \\$aBATCH$b00$c20091208$lBLL01$h0315
=CAT  \\$aBATCH$b00$c20091214$lBLL01$h0321
=CAT  \\$aBATCH$b00$c20091216$lBLL01$h0101
=CAT  \\$a8201$b40$c20120613$lBLL01$h1148
=CAT  \\$aWR14_140$c20140905$lBLL01$h1725
=CAT  \\$aW1711-1225$c20171203$lBLL01$h1018
=FIN  \\$aY
=LEO  \\$aMP5.0000026181
=SRC  \\$aDSS04$bbibld.200404.2.aa
=SRC  \\$aBNB03$bbibmp5.200404.2.aa
=STA  \\$aSUPPRESSED$bunable to determine reason for suppression
=TCO  \\$aZZZ$c008
=LAS  \\$aW1711-1225$b00$c20171203$lBLL01$h1018

