=LDR  03346 ai a2200901 a 4500
=001  007032956
=003  Uk
=005  20161026113607.0
=006  m\\\\\\\\d\|\\\\\\
=007  cr||||||||||||
=008  031107c199u9999enk\x\d\s\ai\\0\\\a2eng\\
=FMT  \\$a  SE
=015  \\$aGBA344578$2bnb
=019  y\$abA344578
=019  9\$abA344578
=022  0\$a2399-5440$202
=039  0\$a2767
=040  \\$aUk$cUk$dUk
=042  \\$aissnuk
=082  04$a668.4$221
=210  0\$aPolym. libr.
=222  \0$aPolymer library
=245  00$aPolymer library$h[electronic resource] :$bformerly Rapra abstracts.
=246  13$aAbstracts database from RAPRA
=246  1\$iAlso known as:$aRAPRA abstracts database
=246  13$aPolymer library
=247  10$aPolymer library.com
=260  \\$aShrewsbury :$bRAPRA Technology
=264  31$aShrewsbury :$bSmithers RAPRA
=310  \\$aContinuously updated
=321  \\$aUpdated every two weeks
=336  \\$atext$2rdacontent
=337  \\$acomputer$2rdamedia
=338  \\$aonline resource$2rdacarrier
=500  \\$aTitle from CSA Illumina quick search screen (viewed Feb. 1, 2011).
=520  \\$aIndexes and abstracts to technical and commercial literature on the rubber, plastics and adhesives industry; 1972 to present.
=538  \\$aMode of access: World Wide Web.
=580  \\$aContinues print resource: RAPRA abstracts.
=650  \0$aPlastics$vAbstracts.
=650  \0$aPlastics$vIndexes.
=650  \0$aRubber$vAbstracts.
=650  \0$aRubber$vIndexes.
=650  \0$aAdhesives$vAbstracts.
=650  \0$aAdhesives$vIndexes.
=650  \0$aRubber industry and trade$vAbstracts.
=650  \0$aPlastics industry and trade$vAbstracts.
=650  \0$aAdhesives industry$vAbstracts.
=710  2\$aSmithers Rapra (Firm)
=710  2\$aRapra Technology Limited.
=710  2\$aCambridge Scientific Abstracts, Inc.
=780  00$aRAPRA abstracts$x0033-6750
=787  0\$tRAPRA abstracts CD-ROM
=856  40$uhttp://csaweb109v.csa.com/ids70/select_databases.php?SID=q7c35ooq3unm9n42jk03hidvk7&dbtype=$zFor subscribers only; BL Reading Room access
=856  4\$uhttp://www.rapra.net$zNo longer links to resource
=856  40$uhttp://www.polymerlibrary.com/
=CAT  \\$aCONV$b00$c20040425$lBLL90$h0531
=CAT  \\$aCONV$b00$c20040502$lBLL01$h1207
=CAT  \\$a11279$b40$c20050316$lBLL01$h1057
=CAT  \\$aBATCH$b00$c20091118$lBLL01$h2217
=CAT  \\$a3072$b40$c20110201$lBLL01$h1629
=CAT  \\$a3072$b40$c20110201$lBLL01$h1630
=CAT  \\$a3072$b40$c20110201$lBLL01$h1631
=CAT  \\$a3072$b40$c20110201$lBLL01$h1632
=CAT  \\$a3072$b40$c20110201$lBLL01$h1646
=CAT  \\$aBATCH-UPD$b40$c20131021$lBLL01$h1141
=CAT  \\$aWR14_140$c20140905$lBLL01$h1710
=CAT  \\$a10806$b40$c20161026$lBLL01$h1124
=CAT  \\$aBATCH-UPD$b40$c20161026$lBLL01$h1125
=CAT  \\$a10806$b40$c20161026$lBLL01$h1127
=CAT  \\$a10806$b40$c20161026$lBLL01$h1136
=FIN  \\$aY
=LEO  \\$aMP5.0000022935
=LKR  \\$aPAR$b012759972$lBLL01$r78010$mPolymer library (Online)$nRAPRA abstracts (Print)
=LKR  \\$aPAR$b008555350$lBLL01$r787$mPolymer library (Online)$nRAPRA abstracts CD-ROM.
=SRC  \\$aBNB03$bbibmp5.200404.2.aa
=STA  \\$aSUPPRESSED$bDatabase
=TCO  \\$aCLA$bCLA$c008
=LAS  \\$a10806$b40$c20161026$lBLL01$h1136

