=LDR  01764 as a2200505 a 4500
=001  007034179
=003  Uk
=005  20051019125623.0
=007  cr||||||||||||
=008  031212c20029999enk|||p|s|\\\\0\\\|0eng\\
=FMT  \\$a  SE
=015  \\$aGBA360444$2bnb
=019  y\$abA360444
=019  9\$abA360444
=039  0\$a2772
=040  \\$aUk$cUk
=082  04$a158.105$221
=245  00$aSelf improvement and personal growth weekly newsletter$h[electronic resource].
=260  \\$a[Marlboro, N.J. ;$aGreat Britain] :$bSelf Improvement Online,$c2002-
=336  \\$atext$2rdacontent
=337  \\$acomputer$2rdamedia
=338  \\$aonline resource$2rdacarrier
=362  0\$aIssue 180 (Feb.25-28 2002)-
=500  \\$aTitle from title display.
=516  \\$aIn ASCII format
=530  \\$aArchive of issues available via World Wide Web in HTML format.
=538  \\$aMode of access: via email.
=580  \\$aContinues: Self improvement weekly newsletter.
=650  \0$aSuccess$vPeriodicals.
=650  \0$aSelf-help techniques$vPeriodicals.
=740  0\$aSelf improvement weekly newsletter.
=856  40$uhttp://www.selfgrowth.com/backissue-selfimprovement.html
=856  40$uhttp://www.selfimprovementnewsletters.com$zTo subscribe
=CAT  \\$aCONV$b00$c20040425$lBLL90$h0531
=CAT  \\$aCONV$b00$c20040502$lBLL01$h1207
=CAT  \\$a3072$b40$c20051019$lBLL01$h1256
=CAT  \\$aBATCH$b00$c20091118$lBLL01$h2218
=CAT  \\$aWR14_140$c20140905$lBLL01$h1710
=CAT  \\$aW1711-1225$c20171203$lBLL01$h1018
=FIN  \\$aY
=LEO  \\$aMP5.0000024692
=SRC  \\$aBNB03$bbibmp5.200404.2.aa
=STA  \\$aSUPPRESSED$bunable to determine reason for suppression
=TCO  \\$aCLA$bCLA$c008
=LAS  \\$aW1711-1225$b00$c20171203$lBLL01$h1018

