=LDR  02265 as a2200493 i 4500
=001  017559041
=003  Uk
=005  20150929145940.0
=006  m\\\\\|\\d\|\\\\\\
=007  cr\|||||||||||
=008  150929d20022010enktr|p\o\\\\o0\\\a0eng\\
=FMT  \\$a  SE
=040  \\$aUk$beng$cUk$erda
=042  \\$aukblsr
=082  04$a379.1531094205$223
=245  00$aGovernors.
=246  1\$iSome issues have subtitle:$aTermly newsletter
=264  \1$aLondon :$bSchools Communications Unit, Department for Education and Skills on behalf of the School Governance Team,$c2002-[2010]
=264  31$aLondon :$bJohn Brown
=300  \\$a23 volumes :$billustrations (colour)
=310  \\$aThree times a year (termly)
=336  \\$atext$2rdacontent
=337  \\$acomputer$2rdamedia
=338  \\$aonline resource$2rdacarrier
=362  0\$aOctober 2002-spring term 2010.
=500  \\$aTitle from PDF caption (National Archives snapshot taken on 08/02/2010, viewed September 29, 2015).
=588  \\$aLatest issue consulted: spring term 2010 (National Archives snapshot taken on 08/02/2010, viewed September 29, 2015).
=650  \0$aSchool boards$zEngland$vPeriodicals.
=650  \0$aSchool management and organization$zEngland$vPeriodicals.
=650  \0$aEducation and state$zEngland$vPeriodicals.
=690  7\$aSocial Welfare$2blcoll
=710  1\$aGreat Britain.$bSchools Communications Unit.
=710  1\$aGreat Britain.$bSchool Governance Team,$eissuing body.
=710  1\$aGreat Britain.$bDepartment for Children, Schools and Families,$eissuing body.
=776  08$iAlso issued in print as:$tGovernors
=856  4\$uhttp://aka.education.gov.uk/governor$zLink no longer valid
=856  40$uhttp://webarchive.nationalarchives.gov.uk/20100202100434/http:/governornet.co.uk/publisharticle.cfm?contentid=122&topicareaid=9&pagestart=1&sortorder=title&searchwhere=all&searchstring=newsletter
=CAT  \\$a11316$b40$c20150929$lBLL01$h1449
=CAT  \\$a11316$b40$c20150929$lBLL01$h1459
=CAT  \\$aW1711-1225$c20171203$lBLL01$h1056
=FIN  \\$aY$d20150929
=LKR  \\$aPAR$b007883170$lBLL01$nGovernors (Print)$mGovernors (Online)$r776
=STA  \\$aSUPPRESSED$bunable to determine reason for suppression
=LAS  \\$aW1711-1225$b00$c20171203$lBLL01$h1056

