=LDR  01744 as a2200481 i 4500
=001  017868006
=003  Uk
=005  20160607111933.0
=006  m\\\\\|\\d\|\\\\\\
=007  cr\|||||||||||
=008  160607c20169999ie\qr\p\o\\\\\0\\\a0eng\\
=FMT  \\$a  SE
=015  \\$aGBB674401$2bnb
=040  \\$aUk$beng$cUk$erda
=042  \\$aukblsr
=082  04$a658.312409415$223
=245  04$aThe public professional /$cPublic Affairs Ireland.
=264  \1$a[Dublin] :$bPublic Affairs Ireland,$c2016-
=310  \\$aQuarterly
=336  \\$atext$2rdacontent
=337  \\$acomputer$2rdamedia
=338  \\$aonline resource$2rdacarrier
=362  0\$aIssue 1-
=500  \\$aTitle from PDF cover (publisher's Web site, viewed June 7, 2016).
=650  \0$aEmployees$xTraining of$zIreland$vPeriodicals.
=650  \0$aCareer development$zIreland$vPeriodicals.
=650  \0$aPublic administration$xManagement$vPeriodicals.
=650  \7$aEmployees$xTraining of.$2fast$0(OCoLC)fst00909221
=650  \7$aCareer development.$2fast$0(OCoLC)fst00847280
=650  \7$aPublic administration$xManagement.$2fast$001082012
=651  \7$aIreland.$2fast$0(OCoLC)fst01205427
=655  \7$aPeriodicals.$2fast$0(OCoLC)fst01411641
=710  2\$aPublic Affairs Ireland (Firm),$eissuing body.
=856  40$uhttps://www.pai.ie/publications/the-public-professional/
=856  00$uinfo@publicaffairsireland.com$zEmail subscription
=985  \\$aROI VDEP
=CAT  \\$a3072$b40$c20160607$lBLL01$h1108
=CAT  \\$a3072$b40$c20160607$lBLL01$h1110
=CAT  \\$a3072$b40$c20160607$lBLL01$h1119
=FIN  \\$aY$d20160607
=LET  \0$aPublic professional (Electronic)
=STA  \\$aSUPPRESSED$bRepublic of Ireland
=LAS  \\$a3072$b40$c20160607$lBLL01$h1119

