=LDR  02241 as a2200553 a 4500
=001  015119518
=003  Uk
=005  20090617141622.0
=006  m\\\\\\\\d\|\\\\\\
=007  cr||||||||||||
=008  090424c200u9999enkqx\p\s\\\\\0\\\a0eng\\
=FMT  \\$a  SE
=040  \\$aUk$beng$cUk
=042  \\$aukblsr
=082  04$a658.5$222
=130  0\$aGSQ (Online)
=245  10$aGSQ$h[electronic resource] :$bthe quarterly magazine from GS1 UK.
=260  \\$aLondon :$bGS1 UK
=336  \\$atext$2rdacontent
=337  \\$acomputer$2rdamedia
=338  \\$aonline resource$2rdacarrier
=538  \\$aMode of access: World Wide Web.
=580  \\$aTo summer 2007? also issued in print format.
=500  \\$aDescription based on: spring 2007 issue; title from caption (publisher's Web site, viewed on Apr. 24, 2009).
=500  \\$aLatest issue consulted: winter issue 2008/2009 (also described as winter 2008 on Web site).
=610  20$aGS1 UK (Firm)$vPeriodicals.
=650  \0$aBusiness logistics$vPeriodicals.
=650  \0$aBusiness logistics$xData processing$vPeriodicals.
=650  \0$aBar coding$vPeriodicals.
=650  \0$aCommercial products$xIdentification$vPeriodicals.
=650  \0$aIdentification$xEquipment and supplies$vPeriodicals.
=650  \0$aRadio frequency identification systems$vPeriodicals.
=710  2\$aGS1 UK (Firm)
=780  10$tGSQ
=856  40$uhttp://www.gs1uk.org/tools/resource_library.asp#6
=856  4\$uhttp://www.gs1uk.org/index.asp$zTo subscribe
=985  \\$aConverted to PDF format; uses "turning the pages" technology; on original version users can "turn" pages using computer mouse, and use zoom facilities.
=CAT  \\$a3072$b40$c20090424$lBLL01$h1028
=CAT  \\$a3072$b40$c20090424$lBLL01$h1341
=CAT  \\$a3072$b40$c20090424$lBLL01$h1347
=CAT  \\$a3072$b40$c20090424$lBLL01$h1348
=CAT  \\$a3072$b40$c20090617$lBLL01$h1416
=CAT  \\$aWR14_140$c20140905$lBLL01$h1822
=CAT  \\$aW1711-1225$c20171203$lBLL01$h1033
=FIN  \\$aY$d20090424
=LKR  \\$aPAR$b013707174$lBLL01$r78010$mGSQ (Online)$nGSQ (Print)
=STA  \\$aSUPPRESSED$bunable to determine reason for suppression
=TCO  \\$aCLA$bCLA$c008
=LAS  \\$aW1711-1225$b00$c20171203$lBLL01$h1033

