=LDR  02095 as a2200481 i 4500
=001  016735077
=003  Uk
=005  20140604101648.0
=006  m\\\\\|\\d\|\\\\\\
=007  cr||||||||||||
=008  140604c200u9999enkmr\\\or\\\o0\\\a0eng\\
=FMT  \\$a  SE
=015  \\$aGBB458444$2bnb
=040  \\$aUk$beng$cUk$erda
=042  \\$aukblsr
=082  04$a363.7288$223
=245  04$a... approved authorised treatment facility public register.
=246  3\$aApproved authorised treatment facility public register
=246  1\$iWeb link title:$aApproved authorised treatment facility (AATFs) public register
=264  \1$a[Rotherham] :$bEnvironment Agency
=310  \\$aAnnual, updated monthly
=336  \\$atext$2rdacontent
=337  \\$acomputer$2rdamedia
=338  \\$aonline resource$2rdacarrier
=588  \\$aDescription based on: 2009 issue; title from Excel spreadsheet caption (National Archives snapshot, taken on 23/11/2009).
=588  \\$aLatest issue consulted: 2014, May 2014 update (GOV.UK, viewed June 4, 2014).
=650  \0$aElectronic waste$zGreat Britain$xManagement$vDirectories.
=650  \0$aRefuse and refuse disposal$zGreat Britain$vDirectories.
=650  \0$aRecycling industry$zGreat Britain$vDirectories.
=650  \0$aHazardous waste management industry$zGreat Britain$vDirectories.
=650  \0$aElectronic waste$xLaw and legislation$zGreat Britain$vPeriodicals.
=710  1\$aGreat Britain.$bEnvironment Agency.
=856  4\$uhttp://webarchive.nationalarchives.gov.uk$zTo search
=856  4\$uhttps://www.gov.uk/government/publications/weee-registered-producers-public-register
=CAT  \\$a11316$b40$c20140604$lBLL01$h0937
=CAT  \\$a11316$b40$c20140604$lBLL01$h0938
=CAT  \\$a11316$b40$c20140604$lBLL01$h0940
=CAT  \\$a11316$b40$c20140604$lBLL01$h1016
=CAT  \\$aW1711-1225$c20171203$lBLL01$h1055
=FIN  \\$aY$d20140604
=LET  \0$aApproved authorised treatment facility public register (Electronic)
=STA  \\$aSUPPRESSED$bunable to determine reason for suppression
=LAS  \\$aW1711-1225$b00$c20171203$lBLL01$h1055

