=LDR  01719 as a2200421 i 4500
=001  016735096
=003  Uk
=005  20140604101619.0
=006  m\\\\\|\\d\|\\\\\\
=007  cr||||||||||||
=008  140604c200u9999enkmr\\\or\\\o0\\\a0eng\\
=FMT  \\$a  SE
=015  \\$aGBB458451$2bnb
=040  \\$aUk$beng$cUk$erda
=042  \\$aukblsr
=082  04$a363.7288$223
=245  04$a... approved exporter public register.
=246  3\$aApproved exporter public register
=246  1\$iWeb link title, 2014- :$aApproved exporter (AE) public register
=264  \1$a[Rotherham] :$bEnvironment Agency
=310  \\$aAnnual, updated monthly
=336  \\$atext$2rdacontent
=337  \\$acomputer$2rdamedia
=338  \\$aonline resource$2rdacarrier
=588  \\$aDescription based on: 2011 issue; title from Excel spreadsheet caption (National Archives snapshot, taken on 07/09/2011).
=588  \\$aLatest issue consulted: 2014, May 2014 update (GOV.UK, viewed June 4, 2014).
=650  \0$aElectronic waste$xTransportation$xLaw and legislation$zGreat Britain$vDirectories.
=650  \0$aExport controls$zGreat Britain$vDirectories.
=650  \0$aRecycling industry$zGreat Britain$vDirectories.
=710  1\$aGreat Britain.$bEnvironment Agency.
=856  4\$uhttp://webarchive.nationalarchives.gov.uk$zTo search
=856  4\$uhttps://www.gov.uk/government/publications/weee-registered-producers-public-register
=CAT  \\$a11316$b40$c20140604$lBLL01$h1016
=CAT  \\$aW1711-1225$c20171203$lBLL01$h1055
=FIN  \\$aY$d20140604
=LET  \0$aApproved exporter public register (Electronic)
=STA  \\$aSUPPRESSED$bunable to determine reason for suppression
=LAS  \\$aW1711-1225$b00$c20171203$lBLL01$h1055

