=LDR  03567aas a2200805 a 4500
=001  013619892
=003  Uk
=005  20160128110021.0
=006  m\\\\\\\\d\|\\\\\\
=007  cr||||||||||||
=008  030604d200u2011wlkmr\\\ss\\\o0\\\a0eng\\
=015  \\$aGBA735882$2bnb
=022  0\$a1740-6420$202
=040  \\$aUk$beng$cUk$dUk
=042  \\$aukblsr$aissnuk
=082  04$a339.420941$222
=130  0\$aPrice index numbers for current cost accounting (Online)
=210  0\$aPrice index numbers curr. cost account$b(Online)
=222  \0$aPrice index numbers for current cost accounting$b(Online)
=245  10$aPrice index numbers for current cost accounting$h[electronic resource].
=246  13$aPrice index numbers for current cost accounting MM17
=260  \\$aLondon :$bStationery Office
=260  3\$aNewport :$bOffice for National Statistics
=310  \\$aMonthly
=336  \\$atext$2rdacontent
=337  \\$acomputer$2rdamedia
=338  \\$aonline resource$2rdacarrier
=362  0\$a-Nov. 2011.
=500  \\$aTo July 2011 issued in PDF format; from Aug. 2011-Nov. 2011 issued as data files, including Excel.
=500  \\$aPublication suspended in Nov. 2011.
=500  \\$aDescription based on: Aug. 2001 issue; title from PDF caption (publisher's web site, viewed on 9 May 2007).
=500  \\$aLatest issue consulted: Nov. 2011 (viewed Mar. 6, 2012).
=538  \\$aMode of access: World Wide Web.
=538  \\$aSystem requirements: Adobe Acrobat Reader; Microsoft Excel.
=580  \\$aAlso issued in print, and then from 2005? continues print format.
=650  \0$aPrices$zGreat Britain$vStatistics$vPeriodicals.
=650  \0$aCost accounting$vPeriodicals.
=710  1\$aGreat Britain.$bOffice for National Statistics.
=780  10$tPrice index numbers for current cost accounting (1995)$x1472-4170
=856  40$uhttp://www.ons.gov.uk/ons/publications/all-releases.html?definition=tcm%3A77-21832
=856  4\$uhttp://www.statistics.gov.uk/statbase/Product.asp?vlnk=2206$zLink no longer valid
=985  \\$aSuspended following consultation. Info in "Review of price index numbers for current cost accounting MM17 report" web page viewed May 3, 2012.
=CAT  \\$a6524$b40$c20061206$lBLL01$h1148
=CAT  \\$a6524$b40$c20061206$lBLL01$h1430
=CAT  \\$a3072$b40$c20070509$lBLL01$h1658
=CAT  \\$a3072$b40$c20070515$lBLL01$h1104
=CAT  \\$a3072$b40$c20070704$lBLL01$h1028
=CAT  \\$a3072$b40$c20100726$lBLL01$h1652
=CAT  \\$a3072$b40$c20100726$lBLL01$h1703
=CAT  \\$a3072$b40$c20100726$lBLL01$h1707
=CAT  \\$a3072$b40$c20120305$lBLL01$h1521
=CAT  \\$a3072$b40$c20120306$lBLL01$h1453
=CAT  \\$a3072$b40$c20120306$lBLL01$h1454
=CAT  \\$a3072$b40$c20120306$lBLL01$h1457
=CAT  \\$a3072$b40$c20120306$lBLL01$h1504
=CAT  \\$a3072$b40$c20120306$lBLL01$h1557
=CAT  \\$a3072$b40$c20120306$lBLL01$h1607
=CAT  \\$a3072$b40$c20120306$lBLL01$h1610
=CAT  \\$a3072$b40$c20120502$lBLL01$h1617
=CAT  \\$aWR14_140$c20140905$lBLL01$h1814
=CAT  \\$a11316$b40$c20160128$lBLL01$h1100
=CAT  \\$aW1711-1225$c20171203$lBLL01$h1025
=FIN  \\$aY
=FMT  \\$a  SE
=LAS  \\$aW1711-1225$b00$c20171203$lBLL01$h1025
=LEO  \\$aMP22.0000071025
=LKR  \\$aPAR$b007870354$lBLL01$r78010$mPrice index numbers for current cost accounting (Online)$nPrice index numbers for current cost accounting (Print)
=SRC  \\$aISN01$bbibmp22.200404.2.aa
=STA  \\$aSUPPRESSED$bunable to determine reason for suppression
=TCO  \\$aCLA$bCLA$c008

