=LDR  02006 am a2200517 a 4500
=001  013659707
=003  Uk
=005  20070322142451.0
=006  m\\\\|\\\d\|\\\\\\
=007  cr||||||||||||
=008  070206s2006\\\\enk||||\s||||o00|\0\eng\\
=015  \\$aGBA723519$2bnb
=040  \\$aUk$beng$cUk
=042  \\$aukblsr
=082  04$a387.7404260941$222
=245  00$aOptions for mitigating the impacts of wind turbines on NERLs primary radar infrastructure$h[electronic resource].
=250  \\$aIss. 2.0.
=260  \\$a[London :$bDTI],$c2006.
=336  \\$atext$2rdacontent
=337  \\$acomputer$2rdamedia
=338  \\$aonline resource$2rdacarrier
=500  \\$aTitle from PDF title page (viewed on 22 Mar., 2007).
=500  \\$aPublisher's no.: URN 06/2233.
=516  \\$aPDF format.
=538  \\$aMode of access: World Wide Web.
=538  \\$aSystem requirements: Adobe Acrobat Reader.
=650  \0$aRadar air traffic control systems$zGreat Britain.
=650  \0$aWind power plants$zGreat Britain.
=650  \0$aWind turbines$zGreat Britain.
=710  1\$aGreat Britain.$bDepartment of Trade and Industry.
=856  40$uhttp://www.dti.gov.uk/energy/sources/renewables/planning/onshore-wind/aeronautical/page37015.html
=856  40$uhttp://www.dti.gov.uk/files/file37011.pdf$zMain report.
=856  40$uhttp://www.dti.gov.uk/files/file37012.pdf$zAppendix A.
=856  40$uhttp://www.dti.gov.uk/files/file37014.pdf$zAppendixes A-F.
=985  \\$aRecord amended for WR# 13/070
=CAT  \\$a7750$b40$c20070206$lBLL01$h0857
=CAT  \\$a11249$b40$c20070305$lBLL01$h1416
=CAT  \\$a8141$b40$c20070322$lBLL01$h1408
=CAT  \\$a8141$b40$c20070322$lBLL01$h1424
=CAT  \\$aBATCH-UPD$b40$c20070723$lBLL01$h1647
=CAT  \\$aWR13_070$b00$c20130504$lBLL01$h0249
=CAT  \\$aW1711-1225$c20171203$lBLL01$h1025
=FIN  \\$aY$d20070322
=FMT  \\$a  BK
=LAS  \\$aW1711-1225$b00$c20171203$lBLL01$h1025
=STA  \\$aSUPPRESSED$bunable to determine reason for suppression

