=LDR  01548 as a22004097a 4500
=001  013791201
=003  Uk
=005  20181217125004.0
=006  m\\\\\\\\d\|\\\\\\
=007  cr||||||||||||
=008  070711c20069999stkfx\p\s\\\\\0\\\a0eng\\
=040  \\$aUk$beng$cUk
=245  00$aEdinburgh inspiring capital newsletter$h[electronic resource].
=260  \\$a[Edinburgh] :$bwww.edinburghbrand.com
=310  \\$aPublished approximately every six months
=336  \\$atext$2rdacontent
=337  \\$acomputer$2rdamedia
=338  \\$aonline resource$2rdacarrier
=362  0\$aWinter 2006-
=500  \\$aTitle from PDF caption (publisher's Web site, viewed on 11 July 2007).
=538  \\$aMode of access: World Wide Web.
=538  \\$aSystem requirements: Adobe Acrobat Reader.
=580  \\$aContinues: Live (Edinburgh, Scotland)
=650  \0$aProduct management$vPeriodicals.
=651  \0$aEdinburgh (Scotland)$vPeriodicals.
=780  10$tLive (Edinburgh, Scotland)
=856  40$uhttp://www.edinburghbrand.com/news/live/
=856  00$uhttp://www.edinburghbrand.com$zTo subscribe
=CAT  \\$a3072$b40$c20070711$lBLL01$h1645
=CAT  \\$aW1711-1225$c20171203$lBLL01$h1027
=CAT  \\$a8874$b40$c20181217$lBLL01$h1250
=FIN  \\$aY$d20070711
=FMT  \\$a  SE
=LAS  \\$a8874$b40$c20181217$lBLL01$h1250
=LKR  \\$aPAR$b013460903$lBLL01$r78010$nLive : towards the Edinburgh city region brand.$mEdinburgh inspiring capital newsletter
=STA  \\$aSUPPRESSED$bunable to determine reason for suppression
=TCO  \\$aCLA$bCLA$c008

