=LDR  02173 as a2200565 a 4500
=001  013792888
=003  Uk
=005  20150824122846.0
=006  m\\\\\\\\d\|\\\\\\
=007  cr||||||||||||
=008  070713d19982011enktr\p\o\\\\\0\\\a0eng\\
=015  \\$aGBA754848$2bnb
=040  \\$aUk$beng$cUk$dUk
=042  \\$aukblsr
=082  04$a261.2$222
=130  0\$aFaith to Faith newsletter (Online)
=245  14$aThe Faith to Faith newsletter$h[electronic resource].
=260  \\$aBristol :$bFaith to Faith
=310  \\$aThree issues yearly
=336  \\$atext$2rdacontent
=337  \\$acomputer$2rdamedia
=338  \\$aonline resource$2rdacarrier
=362  1\$aPrint began with No. 1 (Dec. 1998).
=362  1\$aCeased in 2012.
=500  \\$aDescription based on: No. 26 (July 2007); title from PDF caption (publisher's Web site, viewed on 13 July 2007).
=516  \\$aIn HTML and PDF format; subsequent issues in PDF format.
=538  \\$aMode of access: World Wide Web and email.
=538  \\$aSystem requirements: Adobe Acrobat Reader.
=580  \\$aContinues print publication.
=650  \0$aChristianity and other religions$vPeriodicals.
=710  2\$aFaith to Faith (Organisation)
=780  10$tFaith to Faith newsletter
=856  40$uhttp://www.globalconnections.co.uk/faithtofaithresources/ftofnewsletters
=856  00$uoffice@FaithtoFaith.org.uk$zTo subscribe
=CAT  \\$a3072$b40$c20070713$lBLL01$h1220
=CAT  \\$a3072$b40$c20070713$lBLL01$h1226
=CAT  \\$a3072$b40$c20070912$lBLL01$h1211
=CAT  \\$a3072$b40$c20100305$lBLL01$h1140
=CAT  \\$a3072$b40$c20100305$lBLL01$h1142
=CAT  \\$a3072$b40$c20100318$lBLL01$h1311
=CAT  \\$a8201$b40$c20130604$lBLL01$h0850
=CAT  \\$aWR14_140$c20140905$lBLL01$h1815
=CAT  \\$a7778$b40$c20150824$lBLL01$h1228
=CAT  \\$aW1711-1225$c20171203$lBLL01$h1027
=FIN  \\$aY$d20070713
=FMT  \\$a  SE
=LAS  \\$aW1711-1225$b00$c20171203$lBLL01$h1027
=LKR  \\$aPAR$b009908343$lBLL01$r78010$nFaith to Faith newsletter (Print)$mFaith to Faith newsletter (Online)
=STA  \\$aSUPPRESSED$bunable to determine reason for suppression
=TCO  \\$aCLA$bCLA$c008

