=LDR  01983aas a2200577 a 4500
=001  013797808
=003  Uk
=005  20171213164827.0
=006  m\\\\\\\\d\|\\\\\\
=007  cr||||||||||||
=008  070720d20072011enk\x\p\o\\\\\0\\\a0eng\\
=015  \\$aGBA876910$2bnb
=022  0\$a1755-3814$202
=040  \\$aUk$beng$cUk$dUk
=042  \\$aissnuk$aukblsr
=082  04$a613.95$222
=130  0\$aChallenges (Cambridge, England)
=222  \0$aChallenges$b(Cambridge)
=245  10$aChallenges$h[electronic resource] /$cDurex Network.
=260  \\$aCambridge :$bSSL International,$c2007-2011.
=310  \\$aIrregular
=336  \\$atext$2rdacontent
=337  \\$acomputer$2rdamedia
=338  \\$aonline resource$2rdacarrier
=362  0\$aSummer 2007-
=362  1\$aCeased in 2011.
=500  \\$aTitle from PDF caption (email, sent 29/04/2008).
=500  \\$aLatest issue consulted: Winter 2008.
=530  \\$aCurrent issue available on World Wide Web.
=538  \\$aMode of access: email.
=538  \\$aSystem requirements: Adobe Acrobat Reader.
=650  \0$aSafe sex in AIDS prevention$vPeriodicals.
=650  \0$aCondoms$vPeriodicals.
=650  \0$aHygiene, Sexual$vPeriodicals.
=710  2\$aSSL International.
=710  2\$aDurex Network.
=856  4\$uhttp://www.Durexnetwork.org$zFollow links to resource for latest issue
=856  00$umailto:peter.roach@ssl-international.com
=CAT  \\$a11313$b40$c20070720$lBLL01$h0952
=CAT  \\$a6537$b40$c20070821$lBLL01$h1057
=CAT  \\$a5100$b40$c20070828$lBLL01$h0908
=CAT  \\$a6537$b40$c20070828$lBLL01$h0924
=CAT  \\$a3072$b40$c20080612$lBLL01$h1519
=CAT  \\$a8201$b40$c20130122$lBLL01$h0933
=CAT  \\$aW1711-1225$c20171203$lBLL01$h1027
=CAT  \\$a10973$b40$c20171213$lBLL01$h1648
=FIN  \\$aY$d20070828
=FMT  \\$a  SE
=LAS  \\$a10973$b40$c20171213$lBLL01$h1648
=STA  \\$aSUPPRESSED$bunable to determine reason for suppression
=TCO  \\$aCLA$bCLA$c008

