=LDR  02022 am a2200505 a 4500
=001  015555078
=003  Uk
=005  20130814081226.0
=006  m\\\\|\\\d\|\\\\\\
=007  cr||||||||||||
=008  100517s2010\\\\enk||||\s\\\\|000\0\eng\\
=015  \\$aGBB0D7780$2bnb
=020  \\$z9781849473026 (print)
=040  \\$aUk$beng$cUk
=042  \\$aukblsr
=082  04$a368.560941$222
=245  00$aAccessing compensation$h[electronic resource] :$bsupporting people who need to trace Employers' Liability Insurance.
=260  \\$a[London] :$bDWP,$c2010.
=300  \\$a58 p. :$bdigital, PDF file.
=336  \\$atext$2rdacontent
=337  \\$acomputer$2rdamedia
=338  \\$aonline resource$2rdacarrier
=500  \\$aTitle from PDF title page (viewed on 18 Nov., 2010).
=500  \\$a"Health, work and well-being."
=538  \\$aMode of access: World Wide Web.
=538  \\$aSystem requirements: Adobe Acrobat Reader.
=650  \0$aEmployers' liability insurance claims$zGreat Britain.
=650  \0$aEmployers' liability insurance$xGovernment policy$zGreat Britain.
=650  \0$aEmployers' liability insurance$zGreat Britain.
=710  1\$aGreat Britain.$bDepartment for Work and Pensions.
=856  40$uhttp://www.dwp.gov.uk/docs/elci-compensation-consultation.pdf
=856  40$uhttp://www.parliament.uk/deposits/depositedpapers/2010/DEP2010-0394.pdf$zIncludes additional annex of draft impact assessment
=985  \\$aRecord amended for WR# 13/070
=CAT  \\$a12630$b40$c20100517$lBLL01$h1319
=CAT  \\$a12630$b40$c20100517$lBLL01$h1321
=CAT  \\$a8874$b40$c20100604$lBLL01$h1347
=CAT  \\$a8141$b40$c20101118$lBLL01$h0901
=CAT  \\$aBATCH$b00$c20101119$lBLL01$h0817
=CAT  \\$aWR13_070$b00$c20130504$lBLL01$h0325
=CAT  \\$a8141$b40$c20130814$lBLL01$h0812
=CAT  \\$aW1711-1225$c20171203$lBLL01$h1038
=FIN  \\$aY$d20101118
=FMT  \\$a  BK
=LAS  \\$aW1711-1225$b00$c20171203$lBLL01$h1038
=STA  \\$aSUPPRESSED$bunable to determine reason for suppression

