=LDR  02113 as a2200565 a 4500
=001  015641383
=003  Uk
=005  20140327094745.0
=006  m\\\\\\\\d\|\\\\\\
=007  cr||||||||||||
=008  100902d2010201uenkmx\p\o\\\\\0\\\a0eng\\
=015  \\$aGBB0A6087$2bnb
=022  0\$a2044-0545$y1476-6795$202
=040  \\$aUk$beng$cUk$dUk
=042  \\$aukblsr$aissnuk
=082  04$a613.4$222
=222  \0$aHome & personal care world$b(Online)
=245  00$aHome & personal care world$h[electronic resource].
=246  3\$aHome and personal care world
=260  \\$aLeatherhead :$bIntertechPira,$c2010-
=310  \\$aTen issues yearly.
=336  \\$atext$2rdacontent
=337  \\$acomputer$2rdamedia
=338  \\$aonline resource$2rdacarrier
=362  0\$aVol. 1, issue 1 (16 Jul. 2010)-
=500  \\$aTitle from PDF t.p. (publisher's Web site, viewed on Sep. 2, 2010).
=538  \\$aMode of access: World Wide Web.
=538  \\$aSystem requirements: Adobe Acrobat Reader.
=540  \\$aCurrent Copyright Fee: GBP15.00$c0$5Uk
=650  \0$aHygiene products$vPeriodicals.
=650  \0$aCleaning$xEquipment and supplies$vPeriodicals.
=650  \0$aNonwovens$vPeriodicals.
=710  2\$aIntertechPira (Firm)
=780  00$tNonwovens & wipes world$x2040-2899
=856  00$umailto:publications@pira.co.uk
=856  4\$uhttp://www.piranet.com/$zLogin and password required
=CAT  \\$a7332$b40$c20100902$lBLL01$h1119
=CAT  \\$a7332$b40$c20100907$lBLL01$h1506
=CAT  \\$a8201$b40$c20140327$lBLL01$h0947
=CAT  \\$aBATCH-CLA$b00$c20140530$lBLL01$h1717
=CAT  \\$aIPL-CLA$c20140630$lBLL01$h1749
=CAT  \\$aW1711-1225$c20171203$lBLL01$h1039
=CFI  0\$aCurrent Copyright Fee: GBP15.00$c0$e01-jul-2014$fGBP15.00$g0$hC$5Uk
=FIN  \\$aY$d20100902
=FMT  \\$a  SE
=LAS  \\$aW1711-1225$b00$c20171203$lBLL01$h1039
=LET  \0$aHome & personal care world (Electronic)
=LKR  \\$aPAR$b014920220$lBLL01$r78000$mHome & personal care world$nNonwovens & wipes world
=STA  \\$aSUPPRESSED$bunable to determine reason for suppression
=TCO  \\$aCLA$bCLA$c008

