=LDR  02681 as a2200601 a 4500
=001  015656117
=003  Uk
=005  20170531082939.0
=006  m\\\\\\\\d\|\\\\\\
=007  cr||||||||||||
=008  100923d200u2011enkuu\p\s\\\\\0\\\a0eng\\
=015  \\$aGBB0B5114$2bnb
=040  \\$aUk$beng$cUk$dUk
=042  \\$aukblsr
=082  04$a344.4101$222
=245  00$aReview.$pEmployment$h[electronic resource].
=246  1\$iNov. 2011-Dec. 2011 entitled:$aReview
=260  \\$a[Leeds?] :$bHammonds
=260  3\$32011-$a[Great Britain] :$bSquire Sanders Hammonds
=336  \\$atext$2rdacontent
=337  \\$acomputer$2rdamedia
=338  \\$aonline resource$2rdacarrier
=500  \\$aCeased with Dec. 2011 issues; to Nov. 2011 listed on Web site as "Employment review"; after Dec. 2011 thought to be issued with just individual titles.
=500  \\$aDescription based on: Sep. 2010 issue; title from PDF caption (viewed on 23 Sep. 2010).
=500  \\$aLatest issue consulted: Jan. 2011 issue.
=538  \\$aMode of access: email and World Wide Web.
=538  \\$aSystem requirements: Adobe Acrobat Reader.
=650  \0$aLabor laws and legislation$zGreat Britain$vPeriodicals.
=710  2\$aHammonds (Law firm)
=710  2\$aSquire, Sanders & Dempsey (UK) LLP.
=787  0\$tHammonds eurovision. Human capital (employment)
=856  40$uhttp://www.squiresanders.com/publications/List.aspx?search=true&keyword=employment%20review
=856  00$uhttp://www.hammondse.com/Default.aspx?sID=6$zTo register for email delivery
=985  \\$aNext issue after Dec. 2011 may be "A tale of woe ..." but not clear.
=985  \\$aTitle sent in response to claim for #014474565. Unable to establish exact relationship with other title.
=985  \\$aalso another review series "Taxation & benefits review" which is now just "Review" (not held).
=CAT  \\$a7332$b40$c20100923$lBLL01$h0813
=CAT  \\$a7332$b40$c20100923$lBLL01$h0815
=CAT  \\$a7332$b40$c20100928$lBLL01$h1345
=CAT  \\$a7332$b40$c20110125$lBLL01$h1140
=CAT  \\$a7332$b40$c20110125$lBLL01$h1233
=CAT  \\$a3072$b40$c20120224$lBLL01$h1138
=CAT  \\$a3072$b40$c20120313$lBLL01$h1630
=CAT  \\$a3072$b40$c20120313$lBLL01$h1648
=CAT  \\$a8871$b40$c20170531$lBLL01$h0829
=CAT  \\$aW1711-1225$c20171203$lBLL01$h1040
=FIN  \\$aY$d20100923
=FMT  \\$a  SE
=LAS  \\$aW1711-1225$b00$c20171203$lBLL01$h1040
=LET  \0$aReview. Employment (Electronic)
=LKR  \\$aPAR$b014474565$lBLL01$r787$mEuroview employment$nHammonds eurovision. Human capital (employment)
=STA  \\$aSUPPRESSED$bunable to determine reason for suppression
=TCO  \\$aCLA$bCLA$c008

