=LDR  01676 as a2200457 a 4500
=001  015736423
=003  Uk
=005  20111115090508.0
=006  m\\\\\\\\d\|\\\\\\
=007  cr||||||||||||
=008  110120d20102010enkuu\p\s\\\\\0\\\a0eng\\
=015  \\$aGBB110825$2bnb
=040  \\$aUk$beng$cUk$dUk
=042  \\$aukblsr
=082  04$a614.15$222
=245  00$aEssays in criminal and forensic psychology$h[electronic resource].
=260  \\$aGrays :$bOrsett Psychological Services,$c2010.
=336  \\$atext$2rdacontent
=337  \\$acomputer$2rdamedia
=338  \\$aonline resource$2rdacarrier
=362  0\$aNo. 1-10.
=500  \\$aTitle from PDF title page (issue downloaded 26/10/2010).
=500  \\$aLicensed under a Creative Commons Licence.
=538  \\$aMode of access: World Wide Web.
=538  \\$aSystem requirements: Adobe Acrobat Reader.
=650  \0$aForensic psychology$vPeriodicals.
=650  \0$aCriminal psychology$vPeriodicals.
=710  2\$aOrsett Psychological Services.
=856  40$uhttp://kmbpsychology.jottit.com/essays_in_criminal_and_forensic_psychology_no.1
=856  00$umailto:orsettpsychologicalservices@phonecoop.coop$zTo subscribe
=CAT  \\$a7332$b40$c20110120$lBLL01$h1051
=CAT  \\$a7332$b40$c20110120$lBLL01$h1054
=CAT  \\$a7332$b40$c20110120$lBLL01$h1104
=CAT  \\$a8201$b40$c20111115$lBLL01$h0905
=CAT  \\$aW1711-1225$c20171203$lBLL01$h1041
=FIN  \\$aY$d20110120
=FMT  \\$a  SE
=LAS  \\$aW1711-1225$b00$c20171203$lBLL01$h1041
=LET  \0$aEssays in criminal forensic psychology (Electronic)
=STA  \\$aSUPPRESSED$bunable to determine reason for suppression
=TCO  \\$aCLA$bCLA$c008

