=LDR  02386 as a22005657i 4500
=001  015743045
=003  Uk
=005  20130319144116.0
=006  m\\\\\\\\d\|\\\\\\
=007  cr||||||||||||
=008  110201c20119999enk\x\m\o\\\\\0\\\a0eng\\
=022  0\$a2046-4444$202
=040  \\$aUk$beng$cUk$erda
=042  \\$aissnuk
=082  04$a303.482$223
=222  \0$aBorder crossing$b(London)
=245  00$aBorder crossing :$btransnational working papers in higher education.
=246  1\$iFrom January 8, 2013- all issues have title:$aBorder crossing :$btransnational working papers
=246  13$aTransnational working papers in higher education
=246  13$aTransnational working papers
=264  \1$a[London] :$bMigration Letters and The London Publishers
=264  31$aLondon :$bRegent's College London, Regent's Centre for Transnational Studies
=336  \\$atext$2rdacontent
=337  \\$acomputer$2rdamedia
=338  \\$aonline resource$2rdacarrier
=588  \\$aDescription based on: Volume 2011 Number: 1101; title from HTML banner (publisher's Web site, viewed January 3, 2013).
=588  \\$aLatest issue consulted: No. 1104 (2011) (viewed January 11, 2013).
=710  2\$aRegent's Centre for Transnational Studies.
=776  08$iAlso issued in print as:$tBorder crossing$x2046-4436
=856  40$uhttp://www.regents.ac.uk/home/research/bctwp.aspx
=856  4\$uhttp://www.border-crossing.net/
=856  4\$uhttp://www.migrationletters.com/bcwp/index.html
=856  4\$uhttp://metapress.com/content/122265$zLink no longer valid
=856  4\$uhttp://www.londonpublishers.com/$zFollow links to resource
=985  \\$aISSN RDA COMPLETION - TO BE CATALOGUED BY RDA TRAINED CATALOGUERS.
=CAT  \\$a10806$b40$c20110201$lBLL01$h1344
=CAT  \\$a11316$b40$c20130104$lBLL01$h1138
=CAT  \\$a11316$b40$c20130104$lBLL01$h1145
=CAT  \\$a11316$b40$c20130114$lBLL01$h1054
=CAT  \\$a11316$b40$c20130114$lBLL01$h1221
=CAT  \\$a8871$b40$c20130124$lBLL01$h1155
=CAT  \\$a11316$b40$c20130130$lBLL01$h0812
=CAT  \\$a8124$b40$c20130319$lBLL01$h1441
=CAT  \\$aW1711-1225$c20171203$lBLL01$h1041
=FIN  \\$aY$d20130130
=FMT  \\$a  SE
=LAS  \\$aW1711-1225$b00$c20171203$lBLL01$h1041
=LET  \0$aBorder crossing (Electronic)
=STA  \\$aSUPPRESSED$bunable to determine reason for suppression
=TCO  \\$aCLA$bCLA$c008

