=LDR  01881 as a2200433 a 4500
=001  015760325
=003  Uk
=005  20110407162533.0
=006  m\\\\\\\\d\|\\\\\\
=007  cr||||||||||||
=008  110225d200u2011enkar\\\s\\\\\0\\\a0eng\\
=040  \\$aUk$beng$cUk$dUk
=042  \\$aukblsr
=082  04$a353.40941$222
=110  1\$aGreat Britain.$bHM Inspectorate of Court Administration.
=245  10$aBusiness plan ...$h[electronic resource] /$cHMICA.
=246  1\$iMinor title change :$aHMICA business plan,$f2009/2010-
=260  \\$aLondon :$bHMICA
=336  \\$atext$2rdacontent
=337  \\$acomputer$2rdamedia
=338  \\$aonline resource$2rdacarrier
=500  \\$aCeased publication.
=500  \\$aDescription based on: 2006/07 issue; title from PDF t.p. (issue downloaded 22/12/2010).
=500  \\$aLatest issue consulted: HMICA business plan 1 Jan 2010/31 Mar. 2011.
=538  \\$aMode of access: World Wide Web.
=538  \\$aSystem requirements: Adobe Acrobat Reader.
=610  10$aGreat Britain.$bHM Inspectorate of Court Administration$vPeriodicals.
=856  4\$uhttp://www.hmica.gov.uk/annreps.htm$zFollow links to resource
=856  4\$uhttp://search3.openobjects.com/kbroker/justice/hmica/search.ladv?op1=1&fl1=__entrySource%3A&tx1=hmica2&dt=0&ady=25&amo=1&ayr=2000&bdy=25&bmo=1&byr=2011&sr=0&as=1&cs=iso-8859-1&sc=hmica&sf=&sm=0&ha=158&op0=1&ty0=0&tx0=+business+plan&fl0=title%3A&op2=1&ty2=0&fl2=__showAll%3A&tx2=1
=CAT  \\$a7332$b40$c20110225$lBLL01$h1405
=CAT  \\$a7332$b40$c20110225$lBLL01$h1414
=CAT  \\$a3072$b40$c20110407$lBLL01$h1617
=CAT  \\$a3072$b40$c20110407$lBLL01$h1625
=CAT  \\$aW1711-1225$c20171203$lBLL01$h1041
=FIN  \\$aY$d20110225
=FMT  \\$a  SE
=LAS  \\$aW1711-1225$b00$c20171203$lBLL01$h1041
=STA  \\$aSUPPRESSED$bunable to determine reason for suppression
=TCO  \\$aCLA$bCLA$c008

