=LDR  02112 as a2200541 a 4500
=001  015840161
=003  Uk
=005  20110804090551.0
=006  m\\\\\\\\d\|\\\\\\
=007  cr||||||||||||
=008  110704c199u9999wlkmx\p\s\\\\\0\\\a0eng\\
=015  \\$aGBB180149$2bnb
=040  \\$aUk$beng$cUk
=042  \\$aukblsr
=082  04$a333.72094298205$223
=130  0\$aGreen light (Swansea, Wales)
=245  10$aGreen light$h[electronic resource] :$bnewsletter of the Environment Centre, Swansea.
=246  1\$iWeb site list title:$aGreen light newsletters
=246  13$aECnews
=246  13$aEC news
=260  \\$aSwansea :$bEnvironment Centre
=310  \\$aTen issues yearly
=336  \\$atext$2rdacontent
=337  \\$acomputer$2rdamedia
=338  \\$aonline resource$2rdacarrier
=362  1\$aBegan in 1995?
=538  \\$aMode of access: email and World Wide Web.
=538  \\$aSystem requirements: Adobe Acrobat Reader.
=588  \\$aDescription based on: [Issue 117] (Dec. 06/Jan. 07) issue; title from PDF caption (publisher's Web site, viewed July 4, 2011).
=588  \\$aLatest issue consulted: Issue 161 (July 2011) (viewed July 4, 2011).
=650  \0$aGreen movement$zWales$zSwansea$vPeriodicals.
=650  \0$aEnvironmentalism$zWales$zSwansea$vPeriodicals.
=650  \0$aConservation of natural resources$zWales$zSwansea$vPeriodicals.
=710  2\$aEnvironment Centre (Swansea, Wales)
=856  40$uhttp://www.environmentcentre.org.uk/news/index.htm
=856  00$uecnews@environmentcentre.org.uk$zTo subscribe
=CAT  \\$a3072$b40$c20110704$lBLL01$h1719
=CAT  \\$a3072$b40$c20110705$lBLL01$h1020
=CAT  \\$a3072$b40$c20110705$lBLL01$h1021
=CAT  \\$a3072$b40$c20110705$lBLL01$h1114
=CAT  \\$a7332$b40$c20110804$lBLL01$h0905
=CAT  \\$aW1711-1225$c20171203$lBLL01$h1043
=FIN  \\$aY$d20110705
=FMT  \\$a  SE
=LAS  \\$aW1711-1225$b00$c20171203$lBLL01$h1043
=LET  \0$aGreen light: newsletter of the Environment Centre, Swansea. (Electronic)
=STA  \\$aSUPPRESSED$bunable to determine reason for suppression
=TCO  \\$aCLA$bCLA$c008

