=LDR  01752cas a2200445 a 4500
=001  015886706
=003  Uk
=005  20141202101144.0
=006  m\\\\\\\\d\|\\\\\\
=007  cr||||||||||||
=008  110908c200u9999enk\r\p\s\\\\\0\\\a0eng\\
=FMT  \\$a  SE
=015  \\$aGBB1A6950$2bnb
=040  \\$aUk$beng$cUk$dUk
=042  \\$aukblsr
=082  04$a363.11962409417$223
=110  2\$aConstruction Safety Partnership.
=245  10$aProgramme of work$h[electronic resource] /$cConstruction Safety Partnership.
=246  1\$iWeb site listed title:$aConstruction Safety Partnership (CSP) plan
=246  1\$iIssue for 2014 has caption title:$aDraft programme of work
=260  \\$a[Dublin] :$bConstruction Safety Partnership
=336  \\$atext$2rdacontent
=337  \\$acomputer$2rdamedia
=338  \\$aonline resource$2rdacarrier
=538  \\$aMode of access: World Wide Web.
=538  \\$aSystem requirements: Adobe Acrobat Reader.
=588  \\$aDescription based on: 2011 issue; title from PDF cover page (publisher's Web site, viewed Sept. 8, 2011).
=588  \\$aLatest issue consulted: 2014 issue (viewed December 2, 2014).
=650  \0$aBuilding$zIreland$xSafety measures$vPeriodicals.
=856  4\$uhttp://www.hsa.ie/eng/Publications_and_Forms/Publications/$zTo search
=856  4\$uhttp://csponline.ie/publications/
=CAT  \\$a5997$b40$c20110908$lBLL01$h0827
=CAT  \\$aBATCH-TCO$c20120117$lBLL01$h0039
=CAT  \\$a11316$b40$c20141202$lBLL01$h1011
=CAT  \\$aW1711-1225$c20171203$lBLL01$h1045
=FIN  \\$aY$d20110908
=LET  \0$aProgramme of work (Electronic)
=STA  \\$aSUPPRESSED$bunable to determine reason for suppression
=TCO  \\$aCLA$bCLA$c008
=LAS  \\$aW1711-1225$b00$c20171203$lBLL01$h1045

