=LDR  02088 as a2200541 a 4500
=001  016002421
=003  Uk
=005  20120105133128.0
=006  m\\\\\\\\d\|\\\\\\
=007  cr||||||||||||
=008  120105c20079999enktr\p\o\\\\o0\\\a0eng\\
=FMT  \\$a  SE
=015  \\$aGBB200319$2bnb
=040  \\$aUk$beng$cUk
=042  \\$aukblsr
=082  04$a505$223
=130  0\$aElements (London, England : 2007 : Online)
=245  10$aElements$h[electronic resource] :$bscience for a sustainable plant.
=260  \\$aLondon :$bDefra,$c2007-
=310  \\$aThree issues yearly
=336  \\$atext$2rdacontent
=337  \\$acomputer$2rdamedia
=338  \\$aonline resource$2rdacarrier
=362  0\$aSpring 2007-
=500  \\$aSome issues may be dedicated to particular themes.
=538  \\$aMode of access: World Wide Web.
=538  \\$aSystem requirements: Adobe Acrobat Reader.
=530  \\$aAlso issued in print.
=500  \\$aTitle from PDF cover page (publisher's Web site, viewed Jan. 5, 2012).
=588  \\$aLatest issue consulted: Spring 2010 (viewed Jan. 5, 2012).
=610  10$aGreat Britain.$bDepartment for Environment, Food & Rural Affairs$vPeriodicals.
=650  \0$aScience$vPeriodicals.
=776  1\$tElements (London, England : 2007)
=710  1\$aGreat Britain.$bDepartment for Environment, Food & Rural Affairs.
=856  40$uhttp://archive.defra.gov.uk/evidence/science/publications/elements.htm
=856  4\$uhttp://www.defra.gov.uk/$zTo search for current issue
=985  \\$aRecord amended for WR# 13/070
=CAT  \\$a5997$b40$c20120105$lBLL01$h1328
=CAT  \\$a5997$b40$c20120105$lBLL01$h1331
=CAT  \\$aBATCH-TCO$c20120117$lBLL01$h0038
=CAT  \\$aWR13_070$b00$c20130504$lBLL01$h0336
=CAT  \\$aW1711-1225$c20171203$lBLL01$h1046
=FIN  \\$aY$d20120105
=LET  \0$aElements - Defra (Electronic)
=LKR  \\$aPAR$b015741399$lBLL01$nElements (Print)$mElements (Online)$r776
=STA  \\$aSUPPRESSED$bunable to determine reason for suppression
=TCO  \\$aCLA$bCLA$c008
=LAS  \\$aW1711-1225$b00$c20171203$lBLL01$h1046

