=LDR  02307 as a2200517 a 4500
=001  016017301
=003  Uk
=005  20120127101717.0
=006  m\\\\\\\\d\|\\\\\\
=007  cr||||||||||||
=008  120126d20112011enkqr\\\o\\\\\0\\\a0eng\\
=FMT  \\$a  SE
=015  \\$aGBB208377$2bnb
=040  \\$aUk$beng$cUk
=042  \\$aukblsr
=082  04$a374.013094105$223
=245  00$aVocational qualifications$h[electronic resource] :$bquarterly newsletter from BIS.
=246  13$aVocational qualifications quarterly newsletter from BIS.
=260  \\$a[London] :$bBIS, Dept. for Business Innovation and Skills,$c2011.
=336  \\$atext$2rdacontent
=337  \\$acomputer$2rdamedia
=338  \\$aonline resource$2rdacarrier
=362  0\$aApr. 2011-Nov. 2011.
=538  \\$aMode of access: World Wide Web.
=538  \\$aSystem requirements: Adobe Acrobat Reader.
=500  \\$a"Final newsletter".
=500  \\$aTitle from PDF caption (publisher's Web site, viewed Jan. 26, 2012).
=588  \\$aLatest issue consulted: Nov. 2011 (publisher's Web site, viewed Jan. 26, 2012)
=650  \0$aVocational qualifications$zEngland$vPeriodicals.
=650  \0$aVocational qualifications$zWales$vPeriodicals.
=650  \0$aVocational qualifications$zNorthern Ireland$vPeriodicals.
=710  1\$aGreat Britain.$bDepartment for Business, Innovation and Skills.
=780  10$tVocational qualifications are changing
=856  4\$uhttp://bis.ecgroup.net/Publications/FurtherEducationSkills/VocationalQualificationse-Newsletter.aspx$zFollow links to resource
=856  4\$uhttp://webarchive.nationalarchives.gov.uk/+/http://www.bis.gov.uk/site/connect/newsletters/vq
=CAT  \\$a3072$b40$c20120126$lBLL01$h1701
=CAT  \\$a3072$b40$c20120127$lBLL01$h1001
=CAT  \\$a3072$b40$c20120127$lBLL01$h1017
=CAT  \\$aBATCH-UPD$b40$c20130411$lBLL01$h1648
=CAT  \\$aBATCH-UPD$b40$c20141226$lBLL01$h2129
=CAT  \\$aW1711-1225$c20171203$lBLL01$h1046
=FIN  \\$aY$d20120127
=LET  \0$aVocational qualifications: quarterly newsletter from BIS (Electronic)
=LKR  \\$aPAR$b015736693$lBLL01$r78000$mVocational qualifications$nVocational qualifications are changing
=STA  \\$aSUPPRESSED$bunable to determine reason for suppression
=LAS  \\$aW1711-1225$b00$c20171203$lBLL01$h1046

