=LDR  02016 as a2200493 a 4500
=001  016029772
=003  Uk
=005  20161013095013.0
=006  m\\\\\\\\d\|\\\\\\
=007  cr||||||||||||
=008  120214u200uuuuuwlkar\\\o\s\\o0\\\a0eng\\
=FMT  \\$a  SE
=015  \\$aGBB214392$2bnb
=040  \\$aUk$beng$cUk$dUk
=042  \\$aukblsr
=082  04$a371.25109429021$223
=245  00$aClass sizes in primary schools in Wales$h[electronic resource].
=246  1\$iWeb site list title:$aClass sizes in primary schools, Wales
=260  \\$aCardiff :$bStatistical Directorate, Welsh Assembly Government
=260  3\$aCardiff :$bKnowledge and Analytical Services, Welsh Government
=310  \\$aAnnual
=336  \\$atext$2rdacontent
=337  \\$acomputer$2rdamedia
=338  \\$aonline resource$2rdacarrier
=538  \\$aMode of access: World Wide Web.
=538  \\$aSystem requirements: Adobe Acrobat Reader.
=550  \\$aAt head of title: Ystadegau ar gyfer Cymru = Statistics for Wales.
=588  \\$aDescription based on: Sept. 2008 issue (SDR 192/2008); title from PDF caption (data.gov.uk Web site, viewed Feb. 14, 2012).
=588  \\$aLatest issue consulted: Sept. 2011 (viewed Feb. 14, 2012).
=650  \0$aClass size$zWales$vStatistics$vPeriodicals.
=710  1\$aWales.$bStatistical Directorate.
=710  1\$aWales.$bKnowledge and Analytical Services.
=710  2\$aUK Statistics Authority.
=830  \0$aFirst release (Wales. Welsh Government)
=856  40$uhttp://data.gov.uk/dataset/class_sizes_in_primary_schools_wales
=856  4\$uhttp://wales.gov.uk/?lang=en$zTo search
=CAT  \\$a5997$b40$c20120214$lBLL01$h1247
=CAT  \\$a8201$b40$c20140701$lBLL01$h1122
=CAT  \\$a5194$b40$c20161013$lBLL01$h0950
=CAT  \\$aW1711-1225$c20171203$lBLL01$h1047
=FIN  \\$aY$d20120214
=LET  \0$aClass sizes in primary schools in Wales (Electronic)
=STA  \\$aSUPPRESSED$bunable to determine reason for suppression
=LAS  \\$aW1711-1225$b00$c20171203$lBLL01$h1047

