=LDR  02488 as a2200601 a 4500
=001  016034130
=003  Uk
=005  20141021092226.0
=006  m\\\\\\\\d\|\\\\\\
=007  cr||||||||||||
=008  120221d200u2011wlkar\\\o\s\\o0\\\a0eng\\
=FMT  \\$a  SE
=015  \\$aGBB217043$2bnb
=040  \\$aUk$beng$cUk$dUk
=042  \\$aukblsr
=082  04$a388.314309429021$223
=245  00$aStatistics on commuting in Wales$h[electronic resource].
=260  \\$aCardiff :$bStatistical Directorate, Welsh Assembly Government
=260  3\$aCardiff :$bKnowledge and Analytical Services, Welsh Government
=310  \\$aAnnual
=336  \\$atext$2rdacontent
=337  \\$acomputer$2rdamedia
=338  \\$aonline resource$2rdacarrier
=490  1\$aStatistical bulletin =$aBwletin ystadegol
=550  \\$aAt head of title: Ystadegau ar gyfer Cymru = Statistics for Wales.
=538  \\$aMode of access: World Wide Web.
=538  \\$aSystem requirements: Adobe Acrobat Reader.
=588  \\$aDescription based on: 2007 issue (SB 78/2008); title from PDF caption (data.gov.uk Web site, viewed Feb. 21, 2012).
=588  \\$aLatest issue consulted: 2010 (SB 119/2011) (viewed Feb. 21, 2012).
=650  \0$aCommuting$zWales$vStatistics$vPeriodicals.
=650  \0$aCommuters$zWales$vStatistics$vPeriodicals.
=710  1\$aWales.$bKnowledge and Analytical Services.
=710  1\$aWales.$bStatistical Directorate.
=710  2\$aUK Statistics Authority.
=830  \0$aStatistical bulletin (Wales. Welsh Assembly Government)
=830  \0$3May 2011-$aStatistical bulletin (Wales. Welsh Government)
=856  40$uhttp://data.gov.uk/dataset/statistics_on_commuting_in_wales
=856  4\$uhttp://new.wales.gov.uk/publications/?lang=en$zTo search
=CAT  \\$a5997$b40$c20120221$lBLL01$h1100
=CAT  \\$a5997$b40$c20120221$lBLL01$h1115
=CAT  \\$a5997$b40$c20120221$lBLL01$h1304
=CAT  \\$a8201$b40$c20120426$lBLL01$h0958
=CAT  \\$a6790$b40$c20140117$lBLL01$h1413
=CAT  \\$aWR14.047$c20140417$lBLL01$h1646
=CAT  \\$a10983$b40$c20141006$lBLL01$h1019
=CAT  \\$a8201$b40$c20141021$lBLL01$h0922
=CAT  \\$a5194$b40$c20161013$lBLL01$h1133
=CAT  \\$aBATCH-UPD$b40$c20161013$lBLL01$h1136
=CAT  \\$aW1711-1225$c20171203$lBLL01$h1047
=FIN  \\$aY$d20120221
=LET  \0$aStatistics on commuting in Wales (Electronic)
=STA  \\$aSUPPRESSED$bunable to determine reason for suppression
=LAS  \\$aW1711-1225$b00$c20171203$lBLL01$h1047

