=LDR  01705 as a2200445 a 4500
=001  014564455
=003  Uk
=005  20121018111923.0
=006  m\\\\\\\\d\|\\\\\\
=007  cr||||||||||||
=008  080314d200u2009enk\x\p\s\\\\\0\\\a0eng\\
=FMT  \\$a  SE
=015  \\$aGBA846852$2bnb
=040  \\$aUk$beng$cUk
=042  \\$aukblsr
=082  04$a333.79094105$222
=130  0\$aEnergy perspectives (North Walsham, England)
=245  10$aEnergy perspectives$h[electronic resource] /$cCornwall Energy Associates.
=246  1\$iJournal home page variant:$aEnergy perspective
=260  \\$a[North Walsham] :$bCornwall Energy Associates
=310  \\$aIrregular
=336  \\$atext$2rdacontent
=337  \\$acomputer$2rdamedia
=338  \\$aonline resource$2rdacarrier
=538  \\$aMode of access: World Wide Web.
=538  \\$aSystem requirements: Adobe Acrobat Reader.
=500  \\$aDescription based on: 11 (17 Oct. 2005); title from PDF caption (publisher's Web site, viewed on 14 Mar. 2008).
=650  \0$aEnergy industries$zGreat Britain$vPeriodicals.
=650  \0$aEnergy policy$zGreat Britain$vPeriodicals.
=710  2\$aCornwall Energy Associates.
=856  40$uhttp://www.cornwallenergy.com/index.php?sID=1122819242353&sPath=Publications/Energy-perspectives
=856  00$umailto:info@cornwallenergy.com$zTo subscribe
=CAT  \\$a3072$b40$c20080314$lBLL01$h1559
=CAT  \\$a7778$b40$c20121018$lBLL01$h1119
=CAT  \\$aWR14_140$c20140905$lBLL01$h1818
=CAT  \\$aW1711-1225$c20171203$lBLL01$h1029
=FIN  \\$aY$d20080314
=STA  \\$aSUPPRESSED$bunable to determine reason for suppression
=TCO  \\$aCLA$bCLA$c008
=LAS  \\$aW1711-1225$b00$c20171203$lBLL01$h1029

