=LDR  02100 as a2200517 a 4500
=001  014617712
=003  Uk
=005  20151218083834.0
=006  m\\\\\\\\d\|\\\\\\
=007  cr||||||||||||
=008  080407c200u9999enkar\\\ss\\\o0\\\a0eng\\
=FMT  \\$a  SE
=040  \\$aUk$beng$cUk
=042  \\$aukblsr
=082  04$a333.79130941021$222
=245  00$aTotal final energy consumption at regional and local authority level ...$h[electronic resource].
=246  13$aTotal sub-national final energy consumption
=260  \\$a[London :$bDTI]
=260  2\$32007-$a[London :$bBERR]
=260  3\$a[London] :$bDepartment of Energy and Climate Change
=336  \\$atext$2rdacontent
=337  \\$acomputer$2rdamedia
=338  \\$aonline resource$2rdacarrier
=538  \\$aMode of access: World Wide Web.
=538  \\$aSystem requirements: Microsoft Excel or Excel Reader.
=500  \\$aDescription based on: 2003 issue; title from BERR website (viewed on 12 Oct., 2007).
=500  \\$aLatest issue consulted: 2005-2007.
=650  \0$aEnergy consumption$zGreat Britain$vStatistics.
=710  1\$aGreat Britain.$bDepartment for Business, Enterprise and Regulatory Reform.
=710  1\$aGreat Britain.$bDepartment of Energy and Climate Change.
=710  1\$aGreat Britain.$bDepartment of Trade and Industry.
=856  4\$uhttp://www.berr-ec.com/cgibin/perlcon.pl$zLink no longer valid
=856  40$uhttp://www.decc.gov.uk/en/content/cms/statistics/regional/total_final/total_final.aspx
=985  \\$aRecord amended for WR# 13/070
=CAT  \\$a3072$b40$c20080515$lBLL01$h1430
=CAT  \\$a8201$b40$c20100812$lBLL01$h1544
=CAT  \\$aWR13_070$b00$c20130504$lBLL01$h0303
=CAT  \\$aWR14_140$c20140905$lBLL01$h1818
=CAT  \\$a6550$b40$c20151218$lBLL01$h0818
=CAT  \\$a6550$b40$c20151218$lBLL01$h0831
=CAT  \\$a6550$b40$c20151218$lBLL01$h0838
=CAT  \\$aW1711-1225$c20171203$lBLL01$h1029
=FIN  \\$aY$d20080515
=STA  \\$aSUPPRESSED$bunable to determine reason for suppression
=TCO  \\$aCLA$bCLA$c008
=LAS  \\$aW1711-1225$b00$c20171203$lBLL01$h1029

