=LDR  01767 as a2200481 a 4500
=001  014664130
=003  Uk
=005  20080723142557.0
=006  m\\\\\\\\d\|\\\\\\
=007  cr||||||||||||
=008  080709c20079999enker\p\s\\\\\0\\\a0eng\\
=FMT  \\$a  SE
=037  \\$aNo price
=040  \\$aUk$beng$cUk
=042  \\$aukblsr
=082  04$a338.476888095$222
=245  00$aChina pack print & paper news$h[electronic resource].
=246  3\$aChina pack print and paper news
=260  \\$aLeatherhead :$bPira International,$c2007-
=336  \\$atext$2rdacontent
=337  \\$acomputer$2rdamedia
=338  \\$aonline resource$2rdacarrier
=362  0\$aVol. 2, issue 21 (26 June 2007)-
=538  \\$aMode of access: World Wide Web.
=538  \\$aSystem requirements: Adobe Acrobat Reader.
=500  \\$aTitle from PDF caption (publisher's Web site, viewed on 9 July 2008).
=500  \\$aLatest issue consulted: Vol. 3, issue 19 (20 May 2008).
=650  \0$aPackaging$zChina$vPeriodicals.
=650  \0$aPackage goods industry$zChina$vPeriodicals.
=650  \0$aPrinting industry$zChina$vPeriodicals.
=650  \0$aPaper industry$zChina$vPeriodicals.
=710  2\$aPira International.
=780  00$tChina pack news$x1747-7867
=856  4\$uhttp://www.piranet.com/$zLogin and password required for access
=856  00$umailto:publications@pira.co.uk
=985  \\$awent in to finish and seems to have disappeared from web site now
=CAT  \\$a3072$b40$c20080709$lBLL01$h1607
=CAT  \\$a3072$b40$c20080723$lBLL01$h1425
=CAT  \\$aW1711-1225$c20171203$lBLL01$h1030
=FIN  \\$aY$d20080723
=STA  \\$aSUPPRESSED$bunable to determine reason for suppression
=TCO  \\$aCLA$bCLA$c008
=LAS  \\$aW1711-1225$b00$c20171203$lBLL01$h1030

