=LDR  03009 as a2200757 a 4500
=001  014748065
=003  Uk
=005  20120209162206.0
=006  m||||||||d||||||||
=007  cr\cnu||||||||
=008  080507c19979999txubr\p\\\\\\\0\\\a0eng\d
=FMT  \\$a  SE
=022  \\$y1096-8733
=035  \\$a(OCoLC)227180066
=040  \\$aLYU$cLYU$dLYU$dUk
=042  \\$aukblsr
=082  04$a364.05$222
=130  0\$aCrime & justice international (Online)
=245  10$aCrime & justice international$h[electronic resource].
=246  30$aCrime and justice international
=246  30$aCJI
=260  \\$aHuntsville, TX. ;$a[Great Britain?] :$bOffice of International Criminal Justice,$c[1997]-
=310  \\$aBimonthly,$bJuly/Aug.2003-
=321  \\$aMonthly,$b1997-June, 2003
=336  \\$atext$2rdacontent
=337  \\$acomputer$2rdamedia
=338  \\$aonline resource$2rdacarrier
=362  0\$aVol. 13, no. 1 (Feb. 1997)-
=500  \\$aTitle from caption.
=500  \\$aTitle from journal home page (as viewed on May 6, 2008).
=538  \\$aMode of access: World Wide Web.
=550  \\$aPublished in cooperation with the Criminal Justice Center at Sam Houston State University.
=580  \\$aTo 2007 also issued in print format; from 2008 issued online only.
=540  \\$aBritish Library not licensed to copy$c0$5Uk
=650  \0$aCriminal justice, Administration of$vPeriodicals.
=650  \0$aCrime$vPeriodicals.
=690  7\$aSocial Welfare$2blcoll
=710  2\$aOffice of International Criminal Justice.
=710  2\$aSam Houston State University.$bCriminal Justice Center.
=776  1\$tCrime & justice international$x1096-8733
=780  00$tCJ international (Online)
=780  10$tCrime & justice international$x1096-8733
=856  40$uhttp://www.cjimagazine.com/archives/index.html$zArchive issues
=856  40$uhttp://www.cjcenter.org/cjcenter/publications/cji/
=CAT  \\$a3072$b40$c20080908$lBLL01$h1624
=CAT  \\$a3072$b40$c20080908$lBLL01$h1625
=CAT  \\$a3072$b40$c20080908$lBLL01$h1632
=CAT  \\$a7750$b40$c20080915$lBLL01$h1144
=CAT  \\$a7750$b40$c20080915$lBLL01$h1338
=CAT  \\$a7750$b40$c20080915$lBLL01$h1342
=CAT  \\$aBATCH$b00$c20110625$lBLL01$h0540
=CAT  \\$aBATCH-SWP4$c20110627$lBLL01$h1624
=CAT  \\$a11279$b40$c20120209$lBLL01$h1622
=CAT  \\$aBATCH-CLA$b00$c20121130$lBLL01$h1248
=CAT  \\$aIPL-CLA$c20121231$lBLL01$h1326
=CAT  \\$aIPL-CLA$c20130102$lBLL01$h1757
=CAT  \\$aBATCH-CLA$b00$c20131129$lBLL01$h1705
=CAT  \\$aIPL-CLA$c20140101$lBLL01$h0059
=CAT  \\$aW1711-1225$c20171203$lBLL01$h1030
=CFI  0\$aBritish Library not licensed to copy$c0$e01-jan-2014$hC$iCFP Excluded$5Uk
=CFI  2\$aBritish Library not licensed to copy$c0$e01-jan-2013$hC$iCFP Excluded$5Uk
=FIN  \\$aY$d20080908
=SID  \\$aZ39$bOCLC
=STA  \\$aSUPPRESSED$bunable to determine reason for suppression
=TCO  \\$aTRS$bCCC$c008
=LAS  \\$aW1711-1225$b00$c20171203$lBLL01$h1030

