=LDR  01911aas a2200529 a 4500
=001  014795837
=003  Uk
=005  20171212153652.0
=006  m\\\\\\\\d\|\\\\\\
=007  cr||||||||||||
=008  081106d2008200uenkbr\p\s\\\\\0\\\a0eng\\
=FMT  \\$a  SE
=015  \\$aGBA907718$2bnb
=022  0\$a1759-4200$202
=040  \\$aUk$beng$cUk
=042  \\$aissnuk$aukblsr
=082  04$a355.805$222
=222  \0$aDefence worldwide
=245  00$aDefence worldwide$h[electronic resource].
=246  3\$aDefence world wide
=246  1\$iWelcome screen title:$aDefence worldwide digital
=260  \\$aRomsey :$bDefence Worldwide,$c[2008]-
=310  \\$aBi-monthly
=336  \\$atext$2rdacontent
=337  \\$acomputer$2rdamedia
=338  \\$aonline resource$2rdacarrier
=362  0\$a[Vol. 1, issue 1]-
=362  1\$aCeased in (2008)?
=538  \\$aMode of access: World Wide Web.
=500  \\$aTitle from caption (publisher's Web site, viewed on Jan. 27, 2008).
=500  \\$aLatest issue consulted: Vol. 1, issue 2.
=650  \0$aMilitary supplies$vPeriodicals.
=650  \0$aDefense industries$vPeriodicals.
=856  4\$uhttp://www.defenceworldwide.com/
=856  00$umailto:editor@defenceworldwide.com$zTo subscribe
=985  \\$aConverted to PDF format; uses "turning the pages" technology; on original version users can "turn" pages using computer mouse, and use zoom facilities.
=CAT  \\$a6537$b40$c20081106$lBLL01$h0906
=CAT  \\$a3072$b40$c20090127$lBLL01$h1415
=CAT  \\$a3072$b40$c20090127$lBLL01$h1437
=CAT  \\$a7792$b40$c20101207$lBLL01$h1456
=CAT  \\$a7792$b40$c20110602$lBLL01$h1413
=CAT  \\$aW1711-1225$c20171203$lBLL01$h1031
=CAT  \\$a11313$b40$c20171212$lBLL01$h1536
=FIN  \\$aY$d20090127
=STA  \\$aSUPPRESSED$bunable to determine reason for suppression
=TCO  \\$aCLA$bCLA$c008
=LAS  \\$a11313$b40$c20171212$lBLL01$h1536

