=LDR  02751aas a2200721 a 4500
=001  014917029
=003  Uk
=005  20171212150525.0
=006  m\\\\\\\\d\|\\\\\\
=007  cr||||||||||||
=008  090225c19989999enkmr\p\s\\\\\0\\\a0eng\\
=FMT  \\$a  SE
=015  \\$aGBA978109$2bnb
=022  0\$a2040-3410$202
=040  \\$aUk$beng$cUk$dUk
=042  \\$aissnuk$aukblsr
=082  04$a615.580724$222
=130  0\$aIDrugs (Online)
=222  \0$aIDrugs$b(London. Online)
=245  10$aIDrugs$h[electronic resource] :$bthe investigational drugs journal.
=246  3\$aI Drugs
=246  30$aInvestigational drugs journal
=260  \\$aLondon :$bCurrent Drugs Ltd.
=260  2\$a[London] :$bThomson Reuters (Scientific)
=260  3\$a[London] :$bThomson Reuters
=310  \\$aMonthly
=336  \\$atext$2rdacontent
=337  \\$acomputer$2rdamedia
=338  \\$aonline resource$2rdacarrier
=362  1\$aBegan with vol. 1, no. 1 (May 1998).
=538  \\$aMode of access: email and World Wide Web.
=538  \\$aSystem requirements: Adobe Acrobat Reader.
=580  \\$aTo 2008 also issued in print format; beginning with 2009 issued online only.
=500  \\$aDescription based on: Vol. 12, no. 7 (July 2009); title from PDF t.p. (email sent 03/07/2009).
=500  \\$aLatest issue consulted: Vol. 13, issue 12 (Dec. 2010) (Biomed Central, viewed May 19, 2011).
=650  \0$aDrugs$xResearch$vPeriodicals.
=650  \0$aDrugs$xResearch$vCongresses.
=650  \0$aDrugs$xTesting$vPeriodicals.
=650  \0$aDrugs$xTesting$vCongresses.
=780  10$tIDrugs$x1369-7056
=776  1\$tIDrugs$x1369-7056
=856  00$umailto:info@currentdrugs.com$zTo subscribe
=856  4\$uhttp://www.iddb.com/$zLink no longer valid
=856  40$uhttp://www.biomedcentral.com/idrugs/
=985  \\$aLegal Deposit ejournals
=985  \\$aArticles all seem to be published together once a month, so frequency put as monthly.
=CAT  \\$a11313$b40$c20090225$lBLL01$h1102
=CAT  \\$a3072$b40$c20090807$lBLL01$h1343
=CAT  \\$a3072$b40$c20090807$lBLL01$h1432
=CAT  \\$a3072$b40$c20090807$lBLL01$h1534
=CAT  \\$a3072$b40$c20090824$lBLL01$h1544
=CAT  \\$a3072$b40$c20101105$lBLL01$h1412
=CAT  \\$a3072$b40$c20101105$lBLL01$h1413
=CAT  \\$a3072$b40$c20110519$lBLL01$h1019
=CAT  \\$aWR14_140$c20140905$lBLL01$h1821
=CAT  \\$aW1711-1225$c20171203$lBLL01$h1032
=CAT  \\$a11313$b40$c20171212$lBLL01$h1505
=FIN  \\$aY$d20090225
=LET  \0$aIDrugs (email)
=LKR  \\$aPAR$lBLL01$b007074068$r78010$mIDrugs (Online)$nIDrugs (Print)
=STA  \\$aSUPPRESSED$bunable to determine reason for suppression
=TCO  \\$aCLA$bCLA$c008
=LAS  \\$a11313$b40$c20171212$lBLL01$h1505

