=LDR  01868 as a2200517 a 4500
=001  014919660
=003  Uk
=005  20130228123519.0
=006  m\\\\\\\\d\|\\\\\\
=007  cr||||||||||||
=008  080822d2008200uenkmn\p\s\\\\\0\\\a0eng\\
=FMT  \\$a  SE
=015  \\$aGBA921821$2bnb
=022  0\$a2040-2864$202
=040  \\$aUk$beng$cUk
=042  \\$aukblsr$aissnuk
=082  04$a620.505$222
=222  \0$aNanomaterials world
=245  00$aNanomaterials world$h[electronic resource].
=260  3\$aLeatherhead :$bIntertechPira,$c2008-
=310  \\$aMonthly, except Aug. and e-annual in Dec.
=336  \\$atext$2rdacontent
=337  \\$acomputer$2rdamedia
=338  \\$aonline resource$2rdacarrier
=362  0\$aVol. 5, issue 3 (14 Oct. 2008)-
=538  \\$aMode of access: World Wide Web.
=538  \\$aSystem requirements: Adobe Acrobat Reader.
=500  \\$aTitle from PDF t.p. (publisher's Web site, viewed on Mar. 2, 2009).
=500  \\$aLatest issue consulted: Vol. 5, issue 7 (17 Feb. 2009).
=650  \0$aNanostructured materials$vPeriodicals.
=650  \0$aNanotechnology$vPeriodicals.
=710  2\$aIntertechPira (Firm)
=780  00$tNanomaterials$x1758-1745
=856  00$umailto:publications@pira.co.uk
=856  4\$uhttp://www.piranet.com/$zLogin and password required
=CAT  \\$a3072$b40$c20090302$lBLL01$h1712
=CAT  \\$a3072$b40$c20090302$lBLL01$h1714
=CAT  \\$a3072$b40$c20090303$lBLL01$h1531
=CAT  \\$a7792$b40$c20130228$lBLL01$h1235
=CAT  \\$aWR14_140$c20140905$lBLL01$h1821
=CAT  \\$aW1711-1225$c20171203$lBLL01$h1032
=FIN  \\$aY$d20090302
=LKR  \\$aPAR$b014700506$lBLL01$r78000$mNanomaterials world (Online)$nNanomaterials (Online)
=STA  \\$aSUPPRESSED$bunable to determine reason for suppression
=TCO  \\$aCLA$bCLA$c008
=LAS  \\$aW1711-1225$b00$c20171203$lBLL01$h1032

